2934 4690
520 362 554 417 dc
570 361 663 417 Babrii
681 363 779 416 aetate.
1163 359 1227 420 215

87 535 224 621 iponem
247 527 332 610 ὠτός
354 540 387 601 et
402 533 514 601 Auian.
531 537 581 617 30,
601 531 735 618 1-4)1)
755 538 841 600 recte
861 533 1027 615 perspexit
1046 533 1226 600 Prantelins

86 639 192 704 Philol.
214 637 276 703 Vll
303 657 335 720 p.
358 639 414 718 72,
445 636 502 701 sod
525 634 627 702 minus
648 635 677 702 si
699 633 776 718 qnid
804 633 900 702 uideo
928 641 1014 702 recte
1044 634 1135 700 dicit:
1156 628 1227 701 ‘der

87 740 193 806 Hirsch
297 738 443 820 verlangt
471 736 539 802 sich
567 735 714 804 wirlrlich
742 736 852 804 weiter
878 736 983 803 nichts
1012 735 1116 818 mehr,
1144 736 1227 803 auch

86 842 199 906 hcine
220 838 456 923 Ansprdche
478 841 548 904 auf
565 838 835 923 Thronfolge,
858 836 1051 905 sondcmist
1066 837 1227 906 aufdcden

87 942 138 1007 mit
151 940 224 1009 dem
239 961 308 1006 was
323 961 358 1006 cr
377 931 450 1004 hat.²
490 939 615 1024 Nempe
638 959 721 1023 quae
744 938 785 1005 dc
807 940 893 1007 cerui
916 939 1110 1006 continentia
1132 946 1164 1006 ct
1186 939 1228 1008 de

86 1042 178 1126 pratis
200 1041 315 1108 alionis
336 1040 423 1126 apud
445 1040 616 1107 Aelianum
639 1048 670 1107 et
690 1040 829 1106 Plinium
851 1047 1034 1124 narrantur,
1058 1040 1100 1106 ad
1122 1040 1227 1125 uolpis

87 1144 189 1210 dolum
203 1149 348 1228 spectare
363 1148 505 1226 apparet,
529 1160 611 1223 qnae
629 1142 724 1226 longe
747 1141 839 1208 aliter
862 1148 958 1223 atque
972 1141 1135 1209 Babriana
1155 1163 1227 1227 pas-

86 1245 148 1310 cuis
168 1243 333 1328 promissis
353 1254 485 1312 'ceruum
507 1243 656 1328 pellicere
679 1242 814 1309 studeat.
857 1242 946 1321 Quae
970 1245 1151 1311 coniectura
1171 1266 1229 1330 per

85 1367 117 1412 sc
137 1346 215 1413 satis
238 1346 350 1431 opinor
370 1345 547 1430 probabilis
569 1350 657 1412 certa
677 1344 714 1410 fit
736 1366 773 1412 eo
797 1342 882 1426 quod
907 1344 941 1409 in
962 1344 1229 1412 Pantschatantra

83 1447 167 1530 1V,r
189 1445 266 1526 (uol.
282 1447 315 1512 II
335 1467 365 1531 p.
383 1446 460 1528 296)
484 1447 571 1529 thos,
601 1446 656 1527 qui
683 1447 716 1511 in
744 1445 861 1512 fabulis
883 1445 1002 1512 Indicis
1030 1448 1229 1516 substituitur

83 1568 137 1632 pro
159 1549 270 1632 uolpe,
294 1549 399 1634 asino,
423 1547 531 1633 quiin
553 1549 639 1612 carui
660 1549 764 1614 locum
786 1547 939 1614 successit
950 1548 990 1631 ²),
1012 1551 1130 1615 tamem
1152 1569 1227 1633 qne-

84 1649 160 1716 renti
183 1647 260 1714 dicit
275 1649 408 1715 Benfcio
429 1650 600 1732 interprete
612 1646 656 1732 ³):
675 1643 826 1734 ‘Freund,
851 1670 942 1716 wenn
966 1650 1038 1716 dem
1060 1669 1096 1717 so
1118 1651 1169 1735 ist,
1192 1669 1228 1716 so

166 1824 191 1885 1)
209 1815 393 1872 Alexandrina
414 1820 504 1871 aetate
524 1817 642 1872 nobilem
659 1816 744 1872 fuisse
761 1817 831 1871 hanc
848 1817 968 1872 fabulam
985 1817 1047 1871 inde
1065 1832 1171 1887 quoque
1189 1817 1229 1872 ef·

82 1905 182 1970 ficitur,
214 1901 288 1972 quod
309 1915 439 1969 expressa
462 1900 570 1955 uidetur
593 1901 702 1970 pictura
724 1901 890 1971 Pompeiana
913 1902 1030 1970 Helhigii
1052 1897 1227 1970 ‘Wandgem'

84 1994 159 2044 1584:
185 1988 220 2043 cf.
238 1982 365 2042 ‘Unters'
383 1999 409 2052 p.
425 1989 465 2038 92.
501 1985 658 2040 Archilochi
682 1991 772 2039 autem
794 2001 903 2040 uersum
926 1984 1008 2051 χολὴν
1028 1984 1079 2057 γὰρ
1096 1982 1144 2038 οὖν
1162 1989 1229 2051 ἔχειν

83 2071 124 2143 ἐφ’
144 2067 230 2138 ἥπατι
248 2069 291 2137 (fr.
311 2072 369 2134 131)
392 2069 499 2138 uolpem
521 2069 644 2138 potuisse
661 2069 751 2124 dicere
773 2070 917 2124 utiterum
935 2070 1039 2124 leonem
1056 2069 1130 2124 uisat
1148 2085 1228 2124 cerno

82 2155 287 2225 persuadentem
305 2153 422 2222 Bergkio
445 2169 499 2208 non
525 2154 617 2221 cred03
640 2155 725 2209 multo
750 2153 918 2224 probabilius
935 2153 1036 2210 referes
1054 2155 1089 2208 ad
1106 2153 1228 2208 fabulam

82 2241 238 2295 Halmianae
257 2242 304 2293 183
323 2238 443 2304 similem,
462 2253 548 2308 neque
566 2242 657 2294 tamen
674 2271 708 2278 —
726 2255 795 2309 quae
806 2239 914 2308 Bergkii
932 2243 973 2293 est
990 2240 1123 2294 sententia
1142 2270 1174 2278 —
1194 2238 1230 2294 ad

83 2325 154 2380 illam
170 2325 267 2393 ipsam,
285 2325 393 2377 namin
411 2323 550 2378 ueteribus
568 2324 609 2378 his
628 2323 727 2379 fabulis
746 2325 855 2394 elephas
873 2323 920 2378 uix
938 2323 1021 2378 habet
1038 2324 1135 2386 locum,
1153 2337 1189 2378 ne
1200 2323 1230 2378 iu

5 2387 6 2482 l
82 2409 189 2478 Libycis
211 2407 326 2478 quidem.
362 2407 463 2463 Contra
484 2407 518 2463 fr.
539 2412 599 2462 107:
623 2405 758 2480 πάρελθε·
782 2413 905 2480 γενναῖος
921 2406 972 2479 γὰρ
990 2409 1027 2462 εἷς
1043 2409 1102 2463 iure
1121 2423 1229 2476 compo·

5 2495 6 2520 1
83 2495 134 2548 suit
157 2492 293 2561 Bergkius
315 2509 341 2560 p.
361 2496 410 2546 ’120
429 2494 498 2546 extr.
522 2507 582 2546 cum
604 2492 686 2547 Babr.
705 2497 747 2558 95,
766 2496 811 2546 81:
836 2487 895 2544 ἀλλ’
917 2490 984 2544 ἐλθὲ
1005 2497 1051 2543 καὶ
1074 2490 1107 2544 τὸ
1132 2490 1229 2545 λοιπὸν

83 2578 141 2630 toda
159 2583 286 2650 ymarus:
305 2591 465 2646 quamquam
484 2582 583 2630 certam
601 2576 635 2630 de
651 2577 706 2631 lab.
717 2579 750 2630 95
769 2576 950 2630 coniecturam
969 2591 1002 2630 cx
1020 2591 1074 2630 uno
1086 2575 1133 2632 illo
1147 2592 1229 2632 uersu

5 2719 6 2726 ,
83 2677 136 2717 non
159 2662 254 2717 facies.
289 2661 343 2717 Vix
364 2667 454 2716 sutem
478 2665 553 2715 recte
575 2661 683 2730 apologi
704 2660 805 2716 exitum
827 2661 923 2716 fictum
946 2677 1005 2715 csse
1027 2661 1145 2729 censuit,
1169 2676 1230 2715 oum

83 2741 278 2815 ‘antiquissima
293 2745 380 2812 fama,
399 2761 468 2814 quac
486 2761 596 2800 ceruum
616 2747 696 2800 corde
714 2760 807 2800 carcre
823 2745 986 2816 perhiberet,
1009 2760 1098 2800 rerum
1117 2749 1230 2800 naturae

5 2869 6 2872 ,
84 2826 295 2886 aduersaretur’:
315 2844 410 2885 uereor
428 2831 507 2896 enim,
526 2836 556 2884 ut
572 2831 682 2886 Homeri
700 2827 814 2903 κραδίην
831 2827 942 2899 ἐλάφοιο
960 2832 1031 2896 ἔχειν
1053 2835 1127 2884 reete
1145 2829 1229 2898 expli-

84 2916 188 2969 cauerit
204 2911 294 2984 ‘plane
311 2914 415 2969 nullum
435 2931 482 2969 cor
498 2911 620 2970 habere'.
655 2915 725 2969 Nam
743 2915 840 2971 scholii
857 2915 1007 2970 victoriani
1025 2915 1055 2970 Il.
1073 2918 1103 2966 A
1121 2917 1171 2968 224
1190 2913 1229 2966 tc'-

81 3017 157 3068 yetus
175 2996 292 3069 καρδίαν
309 2995 358 3051 οὐκ
375 3000 446 3065 ἔχειν
462 2997 496 3052 τὸ
515 2998 640 3070 ἐλάφων,
662 2999 766 3068 μᾶλλον
783 2997 813 3052 δὲ
830 2999 913 3066 χολὴν
930 2997 978 3052 οὐκ
996 3001 1049 3064 ἔχει
1066 3000 1140 3067 prior
1156 3014 1229 3069 pars,

82 3098 134 3151 qua
154 3089 229 3138 caret
247 3082 331 3137 schol.
344 3084 376 3151 Β,
394 3098 428 3138 ex
444 3083 505 3152 ipsa
521 3085 613 3155 potius
630 3084 724 3139 fabula
741 3090 801 3138 orta
819 3084 934 3140 uidetur.

166 3171 193 3235 2)
210 3168 283 3222 Num
300 3166 336 3221 ad
353 3168 464 3222 similem
476 3167 590 3222 formam
602 3172 711 3237 spectat
720 3168 789 3222 Pliu.
799 3185 825 3222 n.
836 3168 862 3221 h.
874 3167 947 3234 VIII,
958 3171 1021 3221 225:
1040 3161 1077 3219 ‘in
1089 3166 1174 3237 Lycia
1186 3209 1192 3221 .
1203 3208 1210 3224 .
1222 3209 1228 3221 .

81 3268 135 3306 non
152 3252 451 3320 transeunt...onagri
466 3257 582 3307 montem
601 3253 647 3319 qui
666 3252 865 3320 cappadociam
883 3268 899 3305 a
917 3251 1010 3305 dilicta
1028 3247 1156 3306 diuidit’?

167 3342 193 3402 3)
210 3336 315 3390 Eadem
333 3335 438 3390 ratione
456 3350 526 3405 quae
543 3337 601 3391 Ael.
618 3341 674 3390 nat.
689 3351 732 3389 an.
747 3336 768 3402 Ι,
785 3340 826 3401 ³5,
844 3334 972 3389 Philostr.
985 3337 1032 3389 uit.
1042 3337 1131 3406 Apoll.
1142 3337 1177 3404 ΙΙ,
1190 3343 1229 3405 14,

81 3421 148 3475 Pliu.
158 3438 184 3475 n.
195 3422 221 3474 h.
231 3421 265 3486 X,
279 3425 317 3474 11.
331 3420 417 3486 XXX,
430 3425 477 3475 130
486 3447 520 3467 =
531 3422 606 3477 Gest.
617 3421 695 3476 Rom.
705 3426 746 3488 31,
764 3421 864 3490 Horap.
876 3419 911 3485 II,
926 3423 958 3474 19
976 3419 1019 3487 (ci.
1030 3420 1121 3476 Leem.
1132 3438 1159 3490 p.
1169 3426 1230 3488 312)

80 3506 194 3574 legimns
216 3505 250 3560 de
273 3505 363 3574 aquila
388 3505 480 3559 nidum
498 3505 584 3560 aetite
600 3506 690 3575 lapide
707 3521 724 3558 a
741 3504 904 3561 draconibus
923 3504 1119 3560 fascinantibus
1138 3505 1229 3560 defen-

81 3590 176 3658 dente,
201 3588 275 3644 haud
301 3589 358 3645 scio
379 3605 415 3643 an
432 3590 502 3645 hene
518 3589 690 3644 illustrentur
706 3589 800 3644 fabula
817 3590 910 3644 Indica
926 3587 1054 3644 Pantsch.
1070 3592 1091 3655 I,
1107 3595 1122 3644 6
1140 3590 1228 3654 (Benl.

80 3674 136 3728 uol.
150 3673 165 3726 Ι
181 3690 209 3743 p.
226 3675 300 3740 166),
324 3674 371 3729 ubi
395 3673 535 3730 connixis
552 3673 615 3730 nido
633 3674 765 3742 serpentis
782 3673 863 3743 pullis
880 3673 1000 3728 insidiati
1017 3688 1136 3740 gemmas
1152 3673 1230 3742 ponit

81 3759 139 3826 regi
156 3763 306 3829 surreptas,
326 3772 392 3828 quas
410 3764 571 3826 quaerentes
588 3758 703 3814 minIstri
720 3759 824 3814 hostem
839 3756 1012 3813 interficiunt.
1041 3757 1105 3811 Alia
1117 3772 1150 3812 ex
1162 3757 1228 3810 Ger·

78 3857 224 3898 manorum
241 3843 347 3898 fabellis
365 3843 542 3912 popularibus
559 3845 697 3913 iugeniose
715 3842 863 3912 explicauit
874 3840 1027 3896 Prantelius
1042 3841 1059 3895 1.
1070 3857 1092 3896 s.
1103 3857 1124 3895 a.
1154 3841 1229 3910 Quae

78 3927 172 3982 omnia
195 3941 357 3997 componere
378 3930 406 3981 et
428 3928 582 3982 accuratius
606 3917 731 3983 tractare'
748 3941 846 3997 operae
867 3925 983 3995 pretium
1000 3925 1065 3989 erit,
1088 3939 1151 3981 nam
1167 3942 1229 3981 cum

78 4011 236 4066 fabularum
252 4011 366 4067 historIa
382 4011 501 4080 aliquam
518 4013 582 4068 hinc
601 4013 690 4083 capiet
706 4011 865 4076 utilitatem,
890 4016 947 4064 tum
968 4007 1082 4066 historia
1100 4011 1230 4067 scientiae

77 4093 213 4150 naturalis
232 4101 259 4150 et
276 4095 472 4165 quodammodo
490 4097 576 4166 ipsius
594 4097 731 4152 hominum
751 4095 956 4165 intellegentiae.
