2934 4690
216 321 278 383 240
696 321 759 376 Otto
778 319 889 376 Orosius

215 494 340 562 etiamsi
362 516 425 563 non
447 493 598 560 traditum
619 492 688 560 ueri
710 498 817 560 tamen
839 499 888 560 est
910 493 1032 576 simile,
1063 513 1134 560 cum
1159 499 1223 562 tres
1246 495 1366 562 habue—
1460 529 1461 540 ο

214 598 256 664 rit
277 617 393 664 uxores
405 597 444 680 ¹);
469 613 663 678 quamquam
679 594 776 661 etiam
792 594 831 662 de
846 594 912 662 filio
928 595 1081 680 adoptato
1101 596 1235 680 eogitari
1249 604 1366 682 potest.

214 698 281 767 Sed
309 699 415 765 obstat
440 696 686 765 Schneidewino
706 696 911 765 Lachmanno
936 696 1125 764 Eberhardo
1150 699 1263 765 ceteris
1284 699 1368 765 iudi-

215 800 304 867 cibus
327 799 412 884 quod
434 797 728 888 Psendodositheus
750 799 806 882 qui
826 799 1051 882 genealogiam
1072 798 1192 884 Hygini
1214 799 1249 867 in
1270 800 1367 866 inter-

214 908 484 988 pretamentorum
504 899 568 967 fine
590 899 635 986 (p.
652 903 692 964 65
708 919 777 985 sqq.
796 900 847 986 B.)
868 901 1008 987 positam
1029 900 1192 986 scripserit
1210 896 1367 967 ‘Maximo

216 1009 248 1074 et
270 1005 357 1089 Apro
381 994 589 1085 consulibus’,
612 1002 631 1066 i.
648 1022 675 1069 c.
697 1021 780 1067 anno
794 1023 826 1087 p.
843 1001 915 1068 Chr.
931 1005 1040 1082 addi
1062 999 1114 1084 (oi.
1131 1002 1165 1069 Ο.
1180 1005 1205 1069 Ι.
1221 1003 1256 1068 L.
1272 1004 1330 1086 ΠΙ,
1347 1007 1366 1066 2

172 1125 178 1128 ·
214 1127 245 1191 p.
265 1104 372 1190 1125),
394 1105 426 1170 in
441 1105 579 1190 priorem
594 1103 699 1189 operis
714 1111 839 1187 partem
858 1102 939 1169 duae
954 1102 1065 1169 Babrii
1087 1103 1213 1190 fabulas
1236 1104 1367 1190 recepit.

215 1208 258 1273 Ar
272 1206 404 1274 nimium
420 1207 494 1273 huic
509 1206 691 1273 testimonio
706 1205 855 1272 tribuisse
870 1201 949 1270 mibi
970 1193 1126 1272 uidentur.
1148 1193 1248 1284 ‘Quid
1271 1207 1369 1289 enim,

215 1308 244 1374 si
265 1314 362 1393 poeta
382 1308 569 1393 priusquam
591 1307 718 1374 fabulas
744 1307 894 1374 collectas
922 1305 1031 1373 ederet
1057 1308 1211 1392 pauculas
1240 1308 1368 1391 aliquas

215 1409 336 1496 publici
350 1409 427 1476 iuris
442 1409 518 1476 fecit
533 1410 584 1475 uel
600 1409 711 1476 amicis
733 1407 909 1493 impertiit?
943 1409 1008 1474 Aut
1029 1408 1058 1474 si
1071 1410 1368 1478 Pseudodositheus

215 1549 257 1557 —
273 1512 327 1594 qui
343 1512 694 1597 interpretamentorum
710 1511 853 1594 singulae
874 1517 983 1594 partes
1005 1511 1193 1592 singillatim
1215 1511 1367 1578 diuersis·

216 1633 278 1696 quc
294 1613 491 1700 temporibus
506 1613 732 1698 conscripsisse
748 1610 926 1680 censendus
941 1616 1046 1678 est-
1061 1613 1186 1680 fabulas
1200 1613 1274 1680 illas
1296 1615 1369 1681 loco

215 1735 299 1783 nunc
319 1717 440 1802 priores
463 1713 590 1801 scripsit
612 1719 684 1800 poet
706 1712 943 1798 genealogiam,
966 1713 1078 1779 sedin
1100 1715 1248 1783 uniuerso
1271 1735 1369 1800 opere

217 1816 415 1903 disponendo
429 1823 502 1883 ante
518 1837 591 1883 eam
607 1815 799 1882 eolloeauit?
827 1813 1028 1897 Quamquam
1044 1815 1169 1882 etiamsi
1183 1818 1369 1902 grammati-

216 1940 287 1987 cum
308 1920 400 1985 illum
423 1924 497 1986 ante
519 1937 637 1984 annum
659 1921 721 1982 207
748 1916 937 2002 peruulgata
965 1916 1075 1999 aliqua
1103 1918 1283 1984 fabularum
1305 1920 1368 1985 Ba—

217 2020 400 2088 brianarum
415 2018 555 2087 editione
570 2039 663 2085 usum
678 2038 750 2086 esse
768 2018 980 2102 concedimus,
1003 2020 1161 2086 sententia
1176 2026 1285 2087 nostra
1304 2043 1370 2087 non

217 2121 313 2188 cadit.
347 2122 438 2189 Prior
454 2122 539 2188 enim
555 2119 712 2203 collectio,
734 2120 823 2186 cuius
837 2121 1036 2205 prooemium
1050 2122 1065 2186 Ι
1080 2119 1207 2186 uidetur
1221 2120 1370 2187 Brancbo

216 2224 418 2308 inscriptum,
447 2241 579 2289 neeesse
602 2228 651 2288 est
678 2221 787 2288 multis
816 2221 906 2289 annis
937 2229 1012 2288 ante
1040 2224 1175 2290 alteram
1201 2221 1235 2288 in
1264 2223 1371 2290 lucem

216 2324 371 2410 prodierit
385 2329 515 2409 propter
537 2322 724 2407 imitatores,
749 2322 803 2406 qui
825 2323 857 2388 in
879 2323 1042 2410 prooemio
1057 2323 1089 2388 ΙΙ
1110 2323 1176 2390 filio
1190 2324 1371 2391 Alexandri

217 2426 365 2494 dedicato
381 2431 681 2492 commemorantur:
705 2425 742 2491 of.
758 2446 788 2510 p.
809 2429 877 2491 153.
911 2427 979 2492 Iam
995 2445 1104 2491 omnes
1124 2423 1254 2507 quidem
1269 2427 1369 2493 Bern-

217 2527 376 2614 hardyum
402 2527 430 2594 si
452 2527 615 2613 exceperis
625 2527 651 2610 2)
673 2527 733 2592 uiri
756 2525 842 2593 docti
863 2527 975 2593 ambas
997 2525 1103 2593 eidem
1124 2527 1232 2592 iuueni
1254 2528 1370 2594 missas

217 2649 288 2696 esse
316 2629 403 2696 baud
431 2635 614 2695 cunctanter
643 2633 828 2696 statuerunt.
874 2627 939 2694 Sed
969 2635 1056 2696 certa
1084 2648 1139 2694 cur
1167 2628 1228 2694 hoc
1257 2629 1370 2696 credas

217 2749 314 2797 eausa
329 2751 393 2796 non
408 2729 500 2798 adest
521 2766 563 2776 —
585 2750 659 2797 nam
681 2729 837 2814 prooemii
850 2730 882 2794 ll
904 2749 1015 2797 uersus
1034 2733 1071 2794 16
1095 2727 1129 2794 ἐκ
1145 2729 1297 2818 δευτέρου
1314 2753 1370 2797 σοι

215 2830 313 2918 τήνδε
334 2832 451 2914 βίβλον
474 2825 576 2897 ἀείδω
607 2831 718 2898 dubito
740 2852 781 2897 an
803 2831 885 2898 uerti
906 2832 1007 2916 possit
1033 2827 1149 2899 ‘altera
1171 2831 1242 2898 uice
1265 2833 1369 2900 bunce

218 2933 277 3000 tibi
291 2934 410 3000 librum
426 2925 518 3000 eano'
538 2933 696 3018 (Boisson.
721 2931 880 3016 Hartung)
902 2938 934 2998 et
950 2934 1102 3018 explicari
1121 2928 1269 2999 ‘alteram
1287 2934 1370 3000 hanc

218 3035 441 3104 collectionem
464 3035 522 3103 tibi
544 3025 672 3103 dedico'
699 3069 756 3119 -,
785 3040 896 3101 contra
918 3040 952 3100 ut
974 3055 1036 3102 non
1059 3033 1171 3102 credas
1201 3055 1274 3101 cum
1305 3036 1371 3102 alia

219 3137 364 3222 suadent,
386 3143 453 3204 tum
468 3136 554 3223 quod
569 3135 733 3203 Branchus
747 3156 909 3219 nunquam
924 3157 1040 3204 nomen
1054 3144 1104 3205 est
1118 3135 1256 3203 hominis
1272 3143 1370 3220 atque

219 3237 305 3320 quod
328 3239 505 3306 Alexandri
525 3238 625 3320 lilius,
654 3236 708 3318 qui
729 3237 762 3303 in
783 3238 945 3322 prooemio
969 3239 999 3303 Il
1024 3244 1177 3305 tractatur
1205 3247 1369 3322 tamquam

219 3339 393 3425 discipulus
409 3339 581 3407 admodum
596 3339 729 3421 iuuenis,
753 3339 851 3407 editio
869 3340 956 3424 prior
978 3361 1050 3406 cum
1072 3340 1271 3407 emitteretur
1293 3361 1368 3426 pue-

306 3562 329 3622 1)
347 3556 390 3612 De
407 3556 562 3612 Alexandro
584 3558 680 3612 manto
705 3571 773 3625 qnae
792 3556 876 3610 tradit
893 3555 1063 3624 Lampridius
1082 3560 1129 3621 29,
1147 3562 1172 3613 2.
1190 3561 1239 3623 49,
1255 3562 1270 3612 3
1290 3558 1370 3627 digna

219 3647 282 3698 suut
297 3657 366 3712 quae
378 3643 511 3710 legantur.
537 3641 663 3696 Ceterum
673 3657 728 3695 nna
741 3657 774 3695 ex
785 3640 916 3695 uxoribus
927 3641 1030 3708 (quinto
1042 3641 1148 3711 imperii
1157 3657 1237 3708 anno,
1247 3641 1265 3696 i.
1276 3657 1299 3696 e.
1309 3646 1369 3707 227)

220 3726 347 3782 Sallustia
364 3726 488 3783 Barbia
506 3725 627 3781 Orbiana
644 3727 704 3791 luit,
723 3725 757 3779 cf.
767 3723 879 3779 Eckbel.
891 3724 976 3779 doctr.
985 3741 1083 3780 numm.
1095 3726 1147 3782 VII
1158 3743 1184 3796 p.
1195 3731 1258 3782 284:
1278 3727 1369 3796 itaque

219 3811 348 3865 hariolari
373 3811 396 3866 si
414 3810 474 3880 quis
492 3809 570 3878 uelit,
595 3810 724 3866 Babrium
742 3811 784 3874 (=
796 3809 936 3876 Barbium)
956 3826 1016 3865 eum
1034 3810 1189 3865 Alexandro
1207 3812 1369 3866 necessitate

221 3896 394 3950 coniunctum
410 3894 495 3950 luisse
512 3895 673 3964 suspicetur.

305 3982 331 4042 2)
349 3979 500 4034 Prudenter
522 3979 587 4035 dicit
602 3976 674 4032 Hull.
693 3977 746 4031 Lit.
764 3977 878 4048 Zeitung
897 3983 960 4033 1845
984 3995 1010 4048 p.
1030 3982 1092 4033 864:
1111 3974 1127 4031 ἵ
1143 4018 1149 4032 .
1167 4018 1173 4031 .
1189 3978 1275 4033 wobei
1299 3979 1369 4035 doch

219 4063 311 4116 immcr
322 4061 364 4116 die
373 4062 461 4130 Frage
475 4062 568 4128 bleibt,
586 4063 621 4117 ob
636 4061 713 4116 beide
722 4061 829 4116 Bbcher
843 4061 983 4117 derselbcn
992 4062 1096 4117 Person
1105 4063 1263 4131 zugeeignct
1272 4059 1368 4120 seieu'.
