2934 4690
522 311 555 366 de
573 310 666 366 Rubrii
683 312 781 365 aetate.
1167 309 1226 372 191

19 489 20 510 ¹
87 482 232 552 tuendum
262 488 312 551 est
334 483 470 551 Babrius
500 503 615 550 nomon
645 483 677 548 in
707 482 798 551 titulo
829 484 945 550 aetatis
967 483 1169 552 Christianae
1193 484 1227 552 0.

85 586 107 652 Ι.
123 587 156 652 L.
172 587 208 670 V,
227 591 260 668 1,
278 580 364 652 '1691
397 584 483 653 EGO
499 590 525 679 f
543 584 766 669 BABBIVVS,
799 586 854 652 ubi
883 584 1063 652 BABBIVS
1092 591 1227 653 testatur

88 687 305 770 Oortenouius,
327 687 457 767 BAEBI
479 686 611 770 (omisso
634 687 700 771 VS)
723 688 855 756 exhibet
876 687 1053 754 Pocockius
1077 688 1131 774 (ex
1155 709 1226 756 oon-

86 788 209 873 ieoturc‚
232 796 267 854 ut
289 788 438 872 uidetur),
461 789 657 856 PAPIRIVS
676 791 839 873 Matrinius,
863 810 957 873 quem
981 810 1022 856 ex
1037 790 1226 858 Cortenouio

85 891 225 958 hausisse
246 891 461 958 Mommsenus
490 896 606 959 censet.
651 892 823 959 Praeterea
853 896 959 958 exstat
980 911 1095 959 nomen
1116 898 1227 977 aperte

86 993 231 1060 aBabrio
254 993 434 1060 deriuatum
457 993 491 1060 O.
507 994 531 1060 l.
547 995 583 1059 L.
600 994 637 1077 V,
657 999 683 1078 1,
700 997 757 1058 971
781 993 1067 1060 P·BABRINIVS
1082 995 1133 1058 ’Μ
1147 1010 1153 1024 ·
1167 992 1227 1076 (l),

84 1099 175 1176 atque
202 1093 367 1161 simillima
395 1095 454 1162 illa
475 1095 692 1182 Baburius,
721 1096 900 1162 Beburia
921 1132 963 1142 -
986 1096 1070 1162 unde
1097 1096 1227 1163 ductum

84 1195 312 1262 Baburiana
326 1197 434 1264 Front.
451 1217 500 1283 ep.
517 1220 547 1283 p.
568 1200 636 1282 199,
653 1200 681 1265 8.
701 1201 748 1261 12.
767 1201 805 1263 18
822 1205 854 1265 et
869 1201 940 1280 200,
960 1203 972 1262 1
992 1200 1030 1264 N.
1047 1197 1226 1279 —1titem-

85 1317 140 1378 que
160 1299 356 1384 Barbius,
380 1300 528 1366 Barbia
550 1299 807 1380 frequentissima
829 1304 902 1366 sunt
923 1301 955 1366 in
976 1299 1085 1382 quinto
1100 1299 1226 1384 potissi·

85 1421 164 1465 mum
185 1399 427 1485 inscriptionum
453 1401 623 1468 uolumine.

161 1501 315 1570 Videmus
334 1502 636 1584 igituanbrium
658 1521 802 1569 nomen
823 1502 982 1586 gentile
1005 1502 1227 1571 luisseRo·

84 1623 289 1670 manorum.
333 1604 440 1684 Quare
469 1626 489 1671 a
516 1604 647 1672 Graecis
677 1602 899 1688 depromptum
927 1625 990 1671 non
1019 1609 1068 1672 est
1095 1643 1138 1652 -
1165 1606 1228 1673 huc

83 1704 160 1770 enim
184 1705 394 1788 confugerunt
413 1707 571 1791 Bergkius
594 1712 626 1773 et
639 1707 764 1772 Preller
778 1706 812 1770 ll.
828 1725 852 1772 s.
868 1725 910 1772 ss.
927 1741 977 1788 -,
1000 1727 1075 1773 nam
1090 1707 1227 1774 Romani

84 1805 202 1873 etiamsi
232 1808 472 1900 cognomina
504 1808 630 1876 Graeca
662 1829 725 1875 non
757 1814 961 1892 spreuerunt‚
996 1808 1226 1876 nominibus

83 1926 202 1993 semper
224 1907 273 1974 usi
295 1915 370 1977 sunt
391 1909 581 1976 uernaculis.
619 1907 685 1975 Sed
708 1909 792 1976 enim
814 1915 912 1992 negat
935 1908 1109 1975 Schneider
1123 1910 1144 1974 l.
1160 1931 1184 1976 s.
1200 1929 1226 1976 s.

82 2027 109 2090 p.
125 2013 179 2074 531
200 2009 312 2075 Babrii
335 2016 464 2094 etymon
486 2033 507 2077 a
528 2011 638 2091 lingua
652 2010 768 2076 Latina
789 2010 889 2095 repeti
910 2029 1015 2094 posse.
1056 2010 1099 2075 At
1114 2011 1142 2075 si
1157 2011 1226 2095 plu-

82 2110 155 2176 rima
175 2112 330 2177 Italorum
352 2113 483 2179 nomina
504 2112 633 2198 propria
655 2109 698 2178 ad
722 2116 886 2178 externam
908 2110 1072 2178 hominum
1091 2110 1226 2178 formam

82 2219 220 2296 spectare
243 2220 349 2278 tecum
372 2215 589 2300 reputaueris‚
613 2214 682 2280 ueri
704 2235 767 2280 non
790 2213 945 2281 dissimile
967 2233 1038 2279 esse
1061 2211 1224 2298 concedes,

82 2312 228 2380 Babrium
250 2321 412 2398 -atque
440 2316 594 2382 Barbium
623 2317 782 2383 recentius
810 2323 842 2384 et
869 2315 1015 2398 uulgare,
1047 2313 1131 2396 quod
1162 2335 1223 2381 non

82 2417 230 2499 reperitur
251 2416 285 2481 in
307 2417 409 2501 primo
432 2417 672 2503 inscriptionum
695 2419 857 2485 uolumine
871 2453 913 2462 -
928 2436 987 2500 per
1008 2415 1053 2481 io·
1075 2415 1226 2482 suffixum

83 2515 205 2584 ductum
236 2536 308 2583 esse
334 2539 355 2585 a
377 2519 504 2586 barba
527 2540 604 2586 uoce
627 2518 685 2602 (cf.
704 2520 877 2586 Barbatum
900 2534 1077 2598 cognomen
1097 2516 1223 2582 notissi-

81 2619 181 2704 mum),
205 2619 288 2685 sicut
302 2617 421 2687 Fabius
443 2641 464 2687 a
485 2617 569 2706 liuba,
590 2622 719 2688 Asinius
742 2621 784 2687 ab
806 2619 924 2701 asinus,
950 2618 1093 2684 Naeuius
1115 2638 1224 2686 unae-

80 2739 141 2803 uus,
162 2721 298 2802 Valgius
320 2742 341 2787 a
363 2723 493 2808 uolgus,
515 2723 659 2790 Plautius
682 2743 701 2786 a
723 2722 868 2805 plautus,
894 2719 1036 2787 Licinius
1058 2741 1078 2788 a
1099 2720 1223 2788 licinus.

80 2821 260 2889 Metathesis
276 2823 391 2889 eadem
406 2824 529 2908 species
544 2825 657 2891 ceteris
669 2843 689 2887 a
701 2822 874 2890 Ritschelio
886 2841 994 2906 opusc.
1004 2822 1074 2907 Ilp.
1084 2825 1144 2887 159
1153 2841 1222 2906 sqq.

81 2931 107 2988 et
129 2928 190 2991 528
213 2943 283 3007 sqq.
307 2924 451 2990 tractatis
480 2927 589 3010 paullo
618 2925 718 2991 rarior
735 2923 924 3010 perspicitur
945 2924 979 2990 in
1001 2921 1090 2997 felnis
1113 2927 1221 3010 ferlco,

80 3023 195 3092 Codrus
219 3024 352 3108 Cordus,
377 3023 499 3092 Scodra
521 3027 642 3093 Scorda
664 3024 787 3111 (Unger
809 3024 976 3109 deValgio
999 3026 1081 3090 Rufo
1096 3046 1126 3109 p.
1144 3026 1221 3109 415)

79 3133 168 3210 etque
189 3128 223 3194 in
247 3130 390 3213 στέφρος
413 3131 571 3214 drappos,
602 3124 734 3214 νάρθηξ
756 3124 903 3211 νάθραξ,
934 3118 1101 3212 ἀγρυπνία
1123 3119 1222 3212 ἀργυ-

79 3235 155 3293 nula
178 3228 329 3311 (Meinek.
346 3229 629 3294 111111.Α1111111111.
646 3249 676 3312 p.
696 3227 786 3310 118),
809 3231 919 3315 Λέρβη
942 3231 1070 3314 Δέβρη,
1101 3232 1222 3315 §cepoe

79 3332 193 3415 Σίβρος
215 3327 338 3412 (Unger
360 3329 380 3394 l.
397 3349 421 3396 s.
438 3329 493 3414 a),
519 3321 901 3416 ’1ργιόπηᾌγριόπηῖ).
945 3326 1038 3406 Quod
1062 3330 1089 3395 si
1110 3351 1221 3398 uerum

79 3436 134 3514 est,
162 3431 236 3515 ipsa
266 3430 362 3497 etiam
392 3431 512 3514 origine
542 3451 657 3497 nomen
686 3436 802 3514 poetae
830 3430 927 3515 plane
955 3432 1095 3498 alienum
1127 3437 1222 3499 esta

78 3565 275 3576 —-——-—=-—·

158 3635 182 3696 1)
201 3631 243 3685 De
260 3630 401 3684 uocalibus
419 3630 572 3700 parasiticis
591 3647 657 3699 quas
676 3632 770 3687 dicunt
785 3631 814 3686 in
825 3633 930 3701 uolgari
947 3633 1044 3686 aetatis
1061 3633 1221 3688 recentioris

78 3715 206 3772 latinitate
223 3717 294 3770 inter
311 3717 413 3768 mutam
431 3722 489 3770 etr
506 3714 615 3769 insertis
635 3715 667 3769 ci.
678 3714 821 3770 Ritschelii
839 3732 932 3786 opusc.
943 3716 1007 3784 phil.
1017 3716 1044 3768 ll
1055 3732 1082 3784 p.
1093 3719 1148 3769 207.

156 3805 182 3869 2)
199 3800 291 3856 Simile
308 3804 351 3854 est
367 3799 464 3872 νεῦρον
482 3800 600 3871 *vesper
617 3812 731 3855 neruus:
752 3801 786 3856 cf.
804 3797 922 3872 ἀμαυρός
932 3796 1072 3870 *daueros
1089 3799 1219 3867 (Curtius,

77 3882 160 3954 Etpm.
170 3903 197 3956 p.
207 3890 256 3941 553
271 3885 313 3940 ed.
323 3890 357 3949 4).
387 3886 478 3953 Atque
495 3882 588 3938 eadem
606 3889 647 3938 est
664 3884 756 3939 uidere
773 3886 801 3939 in
818 3883 1014 3940 recentioribus
1031 3883 1130 3952 linguis
1149 3901 1219 3954 quae

77 3983 92 4022 e
107 3969 205 4026 Latina
222 3968 351 4038 originem
369 3969 483 4024 ducunt:
503 3969 537 4023 of.
546 3967 678 4036 Dicdum,
689 3970 806 4024 Gramm.
816 3968 840 4022 d.
851 3985 917 4024 rom.
928 3967 1001 4037 Sprr.
1011 3968 1058 4037 lp.
1069 3973 1118 4023 108
1136 3967 1219 4038 inque

79 4053 164 4121 primis
182 4072 208 4125 p.
221 4059 267 4110 191
282 4071 321 4123 sq.
340 4054 397 4118 (ubi
413 4053 534 4109 inuenies
551 4053 735 4122 Hispanorum
753 4053 896 4110 olridur=
907 4053 1029 4121 oblitum,
1047 4053 1172 4109 silbar=
1182 4056 1219 4110 si·

966 4156 1014 4210 13*
