2934 4690
514 361 547 416 de
564 359 658 416 Babrii
675 364 772 416 aetate.
1160 361 1221 424 225

155 535 209 599 καὶ
234 532 318 620 ζωῆς
339 558 397 616 μιν
421 528 572 620 ἄμερσεν.
612 526 673 598 'lc’
700 529 745 610 ιῦς
771 531 810 600 ὂν
833 531 959 614 ἐτευχεν
983 525 1039 598 ἐπ’
1067 528 1156 620 ι’ἐλλῳ

245 631 280 700 ἐκ
301 639 409 700 κείνου
432 634 565 722 τλήμων
588 628 686 712 αὐτὸς
709 633 821 700 ἐδεκτο
842 633 955 723 μόρον.

81 725 164 802 cene
193 757 265 804 cum
294 737 355 804 hae
385 757 449 802 una
477 734 603 826 κορώνη
633 735 691 803 τὸν
720 741 881 824 σκορπίον
903 738 1107 823 prouerbium
1130 746 1221 808 uetus

80 839 234 922 conuenit,
264 837 351 922 quod
377 840 517 924 explicat
543 840 702 908 Zenohius
723 841 777 923 lv,
801 842 841 904 60
869 844 1037 926 παροιμία
1067 837 1125 906 ἐπὶ
1153 844 1220 908 τῶν

80 939 240 1025 δυσχερέσι
269 941 325 1004 καὶ
351 941 530 1028 βλαβεροῖς
560 940 830 1030 ἐπιχειρούντων·
861 938 1050 1029 ἐλλειπτικὴ
1074 941 1110 1007 δέ
1133 940 1220 1010 ἐστι·

81 1043 180 1107 λείπει
201 1040 265 1127 γὰρ
287 1039 325 1106 τὸ
349 1033 490 1130 ἥρπασε.
534 1046 604 1110 Καὶ
631 1043 694 1132 γὰρ
721 1039 915 1132 ἁρπασθεὶς
937 1038 954 1108 ὁ
980 1050 1139 1128 σκορπίος
1162 1037 1221 1110 οὐκ

79 1142 205 1210 ἐλαττον
238 1142 384 1230 ἐδρασεν,
415 1141 567 1229 ἐμβαλών
596 1149 645 1232 τῴ
671 1137 794 1236 κέντρῳ
816 1143 874 1212 τὸν
897 1143 957 1225 ἐὸν,
989 1139 1074 1232 ἤπερ
1098 1144 1219 1228 ἔπαθε,

78 1246 289 1330 Diogenianus
305 1247 340 1329 V,
365 1249 404 1310 59
420 1277 463 1299 =
478 1247 610 1333 Gregor.
627 1248 722 1333 (lypr.
737 1250 779 1316 M.
795 1249 851 1333 111,
868 1252 907 1313 85
931 1244 989 1312 ἐπὶ
1011 1251 1076 1314 ταῖν
1097 1249 1220 1333 βλαβε-

79 1360 140 1432 ροῑς
162 1345 427 1435 ἐπιχειρούντων,
450 1350 608 1416 Macarius
621 1351 657 1432 V,
676 1353 713 1414 19
738 1351 849 1418 λείπει
870 1341 1028 1436 ἥρπασεν.
1074 1347 1131 1417 ἐπὶ
1154 1338 1231 1416 τῶν

77 1448 151 1515 κακὰ
174 1454 302 1536 σφίσιν,
316 1442 429 1527 αὐτοῖς
452 1449 679 1537 ἐπαγομένων,
710 1453 822 1538 Apcsi.
836 1453 894 1536 IX,
911 1455 950 1516 99
975 1449 1119 1518 ἐπὶτῶν
1142 1451 1219 1518 ἐαυ-

77 1565 138 1630 τοῑς
161 1549 398 1628 λανθανόντως
420 1552 519 1619 κακόν
540 1579 574 1619 τι
597 1550 843 1636 ἐπισπωμένων
858 1554 891 1636 ¹).

153 1653 246 1721 Bodl.
264 1658 322 1718 117
340 1653 395 1736 (=
411 1659 532 1722 tetrast.
548 1659 588 1720 13
604 1655 684 1724 Neu.
699 1675 730 1740 p.
749 1659 810 1722 208
826 1655 908 1737 Cor,
929 1655 966 1722 ci.
982 1653 1098 1722 Eberh.
1114 1675 1144 1740 p.
1162 1655 1217 1737 93)

75 1755 296 1822 iunctissima
324 1755 498 1824 Stesichori
525 1756 637 1824 sabula
664 1779 722 1843 pro
753 1776 835 1840 equo
864 1759 906 1824 ab
937 1757 1108 1825 Aristotele
1137 1756 1218 1825 rhet.

75 1858 111 1941 Π,
134 1861 183 1940 20,
207 1858 341 1924 Horatio
364 1879 413 1943 ep.
436 1859 460 1942 1,
487 1863 535 1942 10,
554 1861 595 1922 34
610 1879 691 1943 sqq.‚
713 1859 886 1928 Plutarcho
908 1860 997 1925 Arat.
1014 1863 1064 1940 38,
1089 1858 1219 1926 Conone

74 1965 184 2027 narrat.
209 1961 260 2043 42,
282 1959 464 2045 Nicephoro
486 1958 541 2044 (ex
563 1961 780 2047 Hermogene)
795 1961 886 2054 Waln
907 1959 1001 2028 rhett.
1016 1961 1042 2043 Ι,
1059 1981 1091 2046 p.
1108 1965 1213 2044 414,1

76 2061 186 2127 tradito
205 2060 293 2147 apud
306 2062 458 2129 Babrium
474 2082 552 2149 aper
567 2062 757 2144 substitutus
773 2072 830 2147 est,
854 2082 949 2145 quem
964 2062 1101 2148 primum
1117 2080 1217 2143 quan-

73 2167 133 2228 tum
155 2163 222 2230 scio
244 2161 389 2231 inuenies
411 2164 499 2250 apud
521 2163 704 2232 Phaedrum
719 2165 773 2248 IV,
789 2171 818 2230 4.
859 2163 964 2230 Simili
985 2163 1107 2230 ratione
1130 2162 1218 2248 apud

72 2265 225 2331 huianum
249 2265 313 2332 tab.
330 2269 370 2331 30
385 2295 428 2318 ==
443 2266 538 2333 Babr.
554 2270 594 2332 95
618 2268 652 2333 in
674 2267 760 2334 cerui
782 2267 898 2335 Graeci
920 2267 1026 2335 locum
1048 2285 1127 2351 aper
1149 2286 1217 2332 sue·

73 2366 172 2433 cessit.
581 2369 583 2374 ’

151 2466 251 2535 Vides
273 2467 384 2553 igitur,
414 2489 510 2552 quam
532 2488 630 2555 saepe
653 2470 686 2534 in
707 2469 758 2535 his
779 2468 898 2535 fabulis
920 2468 1042 2534 formae
1066 2468 1218 2560 antiquae

70 2578 204 2638 nouatae
233 2569 297 2637 sint
326 2590 365 2638 ac
393 2569 586 2656 dissolutae,
615 2571 787 2637 hebetatae
812 2575 997 2654 corruptae,
1025 2567 1123 2656 idque
1144 2588 1215 2652 gra-

70 2672 138 2740 uius
167 2671 329 2739 interdum
356 2691 453 2754 quam
481 2673 569 2759 apud
589 2671 788 2739 Phaedrum:
818 2689 917 2753 quare
942 2669 1036 2738 fletae
1059 2691 1121 2738 non
1144 2676 1218 2738 sunt

69 2796 88 2841 a
113 2781 212 2860 poeta
234 2772 454 2840 Alexandrino
484 2769 592 2856 neque
614 2773 750 2840 haustae
773 2794 813 2840 ex
834 2773 906 2857 ipsa
928 2772 1032 2858 prima
1051 2774 1216 2859 primaria·

11 2941 12 2944 ,
70 2896 128 2960 que
152 2875 310 2942 Demetrii
331 2871 482 2942 Phalerei
504 2872 691 2944 collectione
707 2874 798 2940 —id
821 2874 906 2957 quod
927 2881 1079 2961 putarunt
1096 2875 1216 2943 Gorats
1319 2921 1324 2928 -

67 3000 96 3062 p.
118 2977 157 3061 κ’,
186 2975 412 3044 Schneidewin
434 2978 456 3043 l.
479 2997 504 3044 s.
527 2998 569 3062 s,
585 2979 757 3062 ¹Wagener
775 2971 935 3062 ‘rapports
958 2984 1047 3044 entre
1069 2976 1117 3042 les
1139 2996 1216 3061 apo-

66 3072 190 3166 logues'
216 3101 247 3166 p.
268 3083 321 3160 15,
351 3078 463 3146 Keller
483 3099 515 3164 p.
532 3084 593 3158 385
617 3117 685 3164 -,,
703 3081 800 3155 immo
826 3079 999 3144 maximam
1028 3083 1151 3160 partem
1175 3097 1214 3145 ex

66 3180 214 3267 populari
237 3179 345 3264 aliquo
368 3186 401 3248 et
422 3183 544 3249 recenti
566 3181 677 3248 libello
699 3180 865 3265 repetitae,
889 3178 943 3262 qui
959 3179 1096 3244 -sicut
1114 3199 1214 3265 popu·

65 3284 151 3350 lares
179 3281 280 3350 nostri
308 3281 411 3347 libelli
437 3319 479 3328 -
508 3282 645 3350 saeculis
672 3280 949 3367 praetereuntibus
981 3299 1075 3347 casus
1108 3283 1215 3349 nanos

65 3403 245 3468 grauesque
267 3401 438 3469 perpessus
461 3389 538 3451 erat.

154 3522 176 3582 r)
194 3516 364 3586 Quamquam
382 3515 518 3587 suspicari
534 3516 622 3586 possis
639 3517 675 3571 ati
692 3515 812 3573 tabulam
834 3516 972 3586 prioribus
989 3515 1043 3572 illis
1061 3515 1215 3572 similiorem

63 3605 190 3669 spectare
213 3601 287 3671 quod
304 3601 500 3672 Aristophanes
523 3601 607 3657 habet
628 3601 803 3671 equitt.19'1:
827 3595 888 3654 ἀλλ’
908 3596 1015 3656 ὁπόταν
1033 3595 1129 3671 μάρψῃ
1150 3605 1213 3672 μυρ-

62 3691 172 3739 caleret
183 3683 362 3758 ἀγκυλοχήλης
372 3687 382 3756 ΙΙ
394 3685 553 3760 γαμφηλῇσι
565 3683 701 3759 δράκοντα
713 3683 845 3758 κοάλεμον
857 3685 926 3740 κτλε
939 3687 987 3743 uhi
998 3687 1094 3755 postea
1106 3687 1143 3749 (u.
1155 3687 1214 3750 210)

61 3769 140 3824 illum
158 3771 192 3826 ah
210 3771 263 3827 hoe
281 3772 384 3828 uictum
401 3771 434 3826 iri
451 3771 557 3827 dieitur.
593 3771 673 3828 Certe
690 3771 763 3841 quod
780 3770 809 3828 in
826 3771 906 3828 simili
926 3769 1038 3827 oraculo
1056 3767 1168 3836 legimus
1185 3783 1212 3822 n.

64 3859 132 3910 11138
157 3854 248 3922 [λέων]
264 3896 271 3910 .
287 3896 293 3908 .
309 3897 315 3910 .
332 3854 440 3911 πολλοῖς
461 3852 579 3927 κώνωψι
600 3860 725 3926 μαχεῖται
746 3855 886 3925 aptissime
909 3855 1012 3912 referes
1036 3851 1072 3908 ad
1093 3851 1214 3906 fabulam

61 3935 172 4012 κώνωψ
188 3947 235 3995 καὶ
253 3939 324 3996 λε’ων
341 3941 410 3998 Ach.
423 3940 485 3996 Tar.
501 3940 538 4006 ΙΙ,
552 3944 593 4010 22,
612 3940 699 3996 Nicet.
710 3939 796 3996 Chen.
807 3940 895 3995 annai.
904 3957 931 4010 p.
943 3943 1001 4004 317,
1019 3937 1053 3992 Η.
1063 3940 1125 3992 234:
1144 3949 1214 4004 quae

61 4023 244 4097 Aristophani
261 4027 286 4083 si
302 4032 368 4083 nota
386 4032 458 4094 erat,
477 4026 524 4081 uix
541 4027 657 4096 repetita
675 4028 717 4082 est
734 4039 767 4078 ex
783 4023 875 4090 India,
892 4028 924 4080 ut
941 4021 1068 4082 Benfeius
1087 4021 1214 4090 opinatur

61 4106 216 4166 Pantsch.l
229 4128 255 4182 p.
268 4116 317 4167 145
328 4127 368 4182 sq.
387 4111 551 4167 assentiente
569 4109 676 4165 Rohdio
695 4108 774 4164 Rom.
782 4126 810 4179 p.
821 4113 880 4163 452.
979 4162 981 4168 .
