2934 4690
520 326 552 382 de
569 326 663 382 Babrii
681 327 777 382 aetate.
1165 319 1227 382 229

629 423 640 450 ,
687 433 689 438 ,

79 499 133 590 τὴν
154 497 309 583 χελιδόνα
324 501 380 564 καὶ
396 498 562 583 λάμειαν),
587 497 641 583 qui
656 496 864 584 mythologici
878 502 1009 582 possunt
1024 495 1182 564 nominari
1195 495 1227 578 ¹).

80 605 127 670 lb
151 601 273 670 ultimis
294 608 331 668 ut
351 600 520 687 incipiam,
544 600 652 686 magni
675 605 723 666 est
745 598 897 666 momenti
919 598 1005 682 quod
1027 597 1228 666 Nicostratus

80 703 116 771 ιὰ
146 705 226 791 περὶ
254 699 313 790 τὴν
341 698 497 784 χελιδόνα
525 700 643 767 fabulis
666 701 831 785 tractauit,
860 721 934 767 nam
956 700 1066 770 Babrii
1087 700 1228 767 fabellae

80 807 159 874 duae
187 807 285 892 plane
315 804 492 889 singulares
525 806 562 869 12
591 809 624 869 61
645 802 737 870 Β6111.
762 807 801 868 45
815 801 841 887 2)
872 801 960 869 idem
988 802 1110 869 babent
1135 821 1228 885 argu-

81 914 227 976 mentum.
265 908 378 988 Itaqne
393 905 475 972 sicut
489 905 548 972 bas
564 904 689 972 fabulas
705 923 822 988 magna
835 904 1060 990 probabilitate
1076 903 1228 974 61111166-

81 1015 210 1078 stratum
226 1011 355 1091 referes,
377 1007 424 1074 ita
438 1007 519 1073 alias
535 1025 660 1090 quoque
680 1026 762 1089 quae
784 1006 889 1074 simile
911 1006 1074 1092 ingenium
1096 1005 1228 1089 spirant.

82 1111 234 1178 Primario
258 1118 365 1178 autem
387 1115 517 1176 auctore
539 1107 692 1175 Babrium
709 1108 890 1176 Nicostrato
913 1129 1006 1176 usum
1028 1127 1100 1175 esse
1121 1108 1228 1175 crede

81 1233 153 1296 rem,
173 1212 201 1280 si
216 1219 337 1280 certum
354 1218 439 1280 esset
458 1209 544 1292 quod
560 1209 676 1278 Suidas
694 1209 793 1276 tradit
807 1210 934 1276 fabulas
949 1208 1127 1276 Babrianas
1148 1210 1230 1277 sicut

82 1313 253 1380 Nicostrati
275 1312 386 1380 decem
407 1311 498 1380 libris
517 1332 589 1380 esse
603 1311 732 1396 diuisas,
755 1312 942 1395 praesertim
957 1331 1029 1379 cnm
1045 1311 1147 1379 tribus
1165 1311 1229 1378 illis

83 1414 259 1481 fabularum
282 1413 554 1484 Nicostratearum
576 1414 746 1499 generibus
769 1413 864 1482 etiam
885 1412 1066 1482 Babrianae
1089 1434 1229 1500 compre-

82 1512 303 1600 6611611613).
340 1516 487 1584 Ceterum
502 1517 600 1583 talem
616 1518 734 1582 fontem
756 1517 860 1602 ipsum
881 1516 1078 1602 prooemium
1093 1518 1230 1584 alterum

81 1617 201 1686 indicat
217 1618 294 1685 exili
309 1617 367 1685 illa
382 1617 422 1686 de
436 1619 618 1684 fabularum
634 1618 808 1702 originibus
824 1617 983 1686 doctrina:
1001 1619 1052 1685 cui
1066 1619 1230 1686 simillima

83 1719 215 1806 legimus
231 1719 317 1805 apud
333 1725 455 1786 ceteros
470 1719 564 1787 buius
579 1720 694 1788 aetatis
710 1719 853 1788 rhetores
868 1721 923 1787 ubi
938 1721 980 1788 de
996 1718 1099 1808 μύθῳ
1121 1729 1228 1806 agunt,

83 1822 117 1888 ci.
133 1822 284 1902 Hermog.
299 1841 464 1906 progymn.
486 1827 512 1906 l,
533 1821 694 1906 Aphthon.
710 1841 798 1909 prog.
819 1827 844 1906 l,
868 1822 980 1889 Theon
1001 1841 1090 1909 prog.
1107 1828 1125 1889 3
1140 1844 1171 1909 p.
1188 1827 1228 1888 73

84 1925 133 2008 Sp.
157 1923 228 2007 (ubi
249 1923 410 1989 inuenitur
431 1924 527 1991 etiam
549 1921 712 2007 Κυβισιὸς
735 1920 769 1988 ἐκ
791 1921 950 2010 Λιβύης),
971 1925 1107 2007 Diogen.
1130 1928 1228 2010 prael.

82 2025 225 2112 prouerb.
249 2022 520 2108 (paroemiogrr.l
542 2047 573 2110 p.
593 2028 652 2090 178
668 2025 753 2108 sqq.)
780 2025 802 2108 ).

164 2128 272 2209 Atque
287 2125 435 2193 boccum
450 2146 542 2210 aeuo,
566 2127 652 2210 quod
667 2131 714 2193 tot
734 2127 799 2194 iam
821 2125 947 2194 indiciis
967 2125 1060 2212 prodi
1081 2126 1229 2210 uidimus,

8 2239 9 2319 l
83 2230 224 2296 instituta
246 2247 350 2295 mores
373 2228 541 2313 religiones
563 2228 649 2314 apud
666 2228 817 2296 Babrium
840 2247 993 2315 expressa
1014 2228 1134 2314 optime
1157 2249 1229 2296 con·

8 2517 9 2522 ,
83 2463 178 2536 ψευδὴς
197 2452 387 2542 mittebamus),
411 2462 534 2531 μυθικὸν
556 2461 587 2516 δὲ
611 2462 643 2516 τὸ
667 2467 775 2536 ἒμγίζον
792 2465 833 2530 τῷ
850 2459 935 2531 μύθῳ
954 2469 999 2515 καὶ
1017 2460 1167 2533 δυνάμενον
1184 2471 1230 2518 καὶ

82 2550 181 2617 ‹thbtr
192 2550 262 2604 εἶναι
271 2545 361 2604 δονεῖν
370 2547 502 2616 (μυθικὸν
509 2575 539 2594 a
548 2545 738 2619 δραματικὸν);
755 2547 878 2602 similiter
886 2547 941 2603 iam
950 2548 1111 2606 Aristoteles
1121 2557 1191 2619 poet.
1199 2556 1228 2604 l:

8 2651 9 2686 1
81 2635 192 2707 Ὅμηρος
208 2630 331 2703 μιμήσεις
349 2630 517 2703 &gomatruda
534 2635 670 2698 ἐποίησεν.
706 2631 782 2687 Falsl
803 2637 868 2708 suni
885 2632 1044 2704 Bernhardy
1059 2634 1073 2688 I
1089 2651 1116 2705 p.
1136 2639 1186 2690 624
1203 2641 1230 2690 ei

83 2719 187 2775 Nicolai
195 2719 222 2772 ll
235 2735 261 2786 p.
272 2721 330 2771 463.

168 2809 191 2870 1)
210 2803 377 2872 Quamquam
395 2802 493 2857 nimius
505 2807 548 2856 est
557 2801 723 2873 Tyrwbittus
737 2801 755 2856 l.
767 2817 789 2857 s.
800 2818 820 2857 s.
831 2819 857 2872 p.
869 2802 1007 2860 CLXXXI
1022 2803 1085 2858 adn.
1097 2808 1128 2859 35
1147 2803 1230 2860 Nico-

83 2891 199 2944 stratum
211 2887 314 2956 scripta
326 2887 457 2956 quaedam
466 2881 547 2942 ‘mere
559 2883 745 2956 mythologica'
758 2887 873 2944 edidisse
884 2888 948 2944 hinc
961 2888 1132 2946 concludens.
1155 2889 1229 2958 Quae

82 2974 114 3028 de
137 2972 224 3027 lamiis
247 2978 340 3026 narrat
363 2960 415 3025 Dio
439 2969 575 3042 chrysost.
598 2972 631 3027 de
655 2987 737 3040 regno
755 2972 828 3028 omli
854 2973 877 3038 (I
896 2989 923 3043 p.
944 2978 991 3028 188
1006 2973 1050 3039 R.)
1066 2975 1161 3042 μῦθον
1178 2977 1229 3026 Λι-

81 3058 165 3126 βυκὸν
189 3057 353 3112 nominauit:
378 3055 449 3110 unde
472 3057 581 3126 colligas
601 3058 670 3112 baec
693 3057 786 3114 eodem
802 3055 859 3111 fere
877 3059 938 3113 loco
960 3057 1054 3113 habita
1072 3073 1131 3113 esse
1148 3063 1229 3128 atque

8 3209 9 3224 χ
83 3142 191 3198 1656166
209 3144 357 3210 Aesopeos.

168 3230 193 3294 2)
211 3226 253 3282 De
270 3226 322 3280 bac
342 3225 475 3294 616261
495 3228 522 3280 et
538 3227 734 3281 666114161.

167 3314 192 3376 3)
211 3313 353 3380 Aesopeae
370 3313 434 3365 sunt
451 3310 594 3379 plurimam
618 3310 783 3366 dramaticus
800 3309 874 3365 baud
891 3324 1004 3378 paucae,
1021 3310 1050 3365 in
1068 3311 1161 3382 primis
1183 3318 1228 3369 116

82 3395 221 3463 (moechus
239 3395 419 3460 6111611166),
443 3395 596 3464 Auianique
614 3399 645 3450 25
665 3400 743 3464 (puer
761 3398 788 3450 ct
805 3394 858 3458 161)
880 3399 908 3452 et
924 3400 1067 3465 praetcrea
1084 3401 1109 3453 1.
1131 3403 1170 3454 15.
1188 3403 1229 3454 34.

8 3503 9 3538 l
81 3487 126 3544 15;
159 3479 356 3550 mythologicae
382 3484 420 3535 12.
440 3485 480 3534 51.
501 3484 542 3534 te.
562 3483 603 3535 59.
623 3484 664 3535 66.
683 3483 724 3544 68,
743 3479 819 3535 Bodl.
838 3485 870 3534 45
889 3480 934 3535 611.
977 3481 1229 3552 Quamquambaee

8 3573 9 3578 ’
79 3581 180 3634 genera
197 3566 250 3620 iam
269 3564 343 3634 apud
361 3565 515 3620 Phaedrum
532 3564 647 3620 inueniri
664 3565 812 3620 notandum
831 3569 879 3622 ost.

168 3653 194 3716 4)
212 3649 275 3706 1166
299 3649 358 3705 sine
381 3649 440 3706 neri
465 3650 555 3720 specie
578 3651 697 3706 conicias
719 3649 827 3707 fabulas
845 3651 963 3721 priores,
987 3650 1107 3718 adquae
1126 3655 1230 3720 spectet

82 3734 251 3805 prooemium
274 3733 287 3786 I
308 3735 455 3803 populare,
481 3751 514 3790 ex
537 3741 628 3791 uetere
652 3735 742 3804 aliqua
760 3736 917 3792 collectione
934 3735 1064 3790 Babrium
1081 3736 1230 3806 repetiisse,

8 3878 27 3894 ἵ,
81 3822 261 3891 posteriores,
287 3834 402 3888 quarum
420 3820 457 3876 sit
473 3821 639 3889 prooemium
657 3820 683 3873 ll
701 3821 905 3886 scholasticum,
932 3836 964 3874 cx
982 3819 1133 3876 Nicostrati
1151 3821 1230 3875 deca-

17 3969 20 3976 *
80 3906 191 3978 mythic.
228 3905 290 3960 Duo
316 3909 406 3960 autem
424 3905 523 3960 Auiani
543 3905 682 3960 uolumina
699 3912 763 3974 apte
780 3905 815 3961 ad
833 3905 886 3960 duo
904 3905 973 3959 hacc
991 3919 1108 3973 corpora
1125 3902 1230 3960 fabula·

80 4008 141 4046 rum
159 3990 269 4054 referes,
289 3989 381 4044 decem
400 3989 499 4045 Suidae
516 3989 599 4046 libros
617 3989 652 4044 ad
671 3989 799 4046 alterum:
819 4005 873 4057 quo
891 3989 976 4043 omnis
994 3989 1091 4043 horum
1108 3990 1229 4046 testimo·

8 4103 9 4108 .
80 4075 187 4131 nicrum
206 4074 310 4129 tollitur
327 4073 517 4144 discrepantia.
553 4073 721 4143 Quamquam
738 4073 804 4128 certi
822 4072 966 4141 quicquam
983 4073 1030 4128 uix
1050 4072 1160 4130 efficies.
