2938 4688
246 325 307 386 tot
724 325 788 382 Otto
806 283 918 384 drusius

245 498 300 586 qui
321 497 421 566 filiurn
443 517 534 565 suum
555 497 589 564 in
611 498 770 585 Apollinis
792 501 945 569 honorem
965 501 1147 568 Branchum
1171 500 1397 582 nominauerit,

243 603 325 670 sicut
347 599 512 670 Heliodori
534 607 640 686 pater,
665 601 749 668 Solis
771 609 806 670 ut
827 601 954 670 uidetur
976 602 1141 686 sacerdos,
1163 602 1197 668 in
1219 602 1273 670 dei
1294 602 1397 669 hono·

243 727 310 774 rem
332 722 448 772 nornen
468 703 549 770 illud
571 701 637 769 filio
659 703 811 789 imposuit
832 705 949 788 (Rohd.
964 706 1055 772 Rom.
1071 727 1100 791 p.
1119 708 1190 788 142,
1207 703 1240 789 3)
1253 705 1287 788 1).
1326 705 1397 772 Sed

243 807 348 895 quiuis
377 827 435 874 rex
461 807 532 893 pius
561 805 688 872 etiamsi
717 827 789 873 oum
811 806 1062 874 Branchidarum
1088 808 1216 874 oraculo
1239 827 1395 874 commer-

243 914 326 979 cium
353 930 416 978 non
445 909 603 993 hahebat,
632 909 674 975 ab
696 907 854 994 Apollinis
884 908 1006 976 amasio
1029 908 1086 976 lilii
1108 931 1224 977 nomen
1246 915 1397 993 repetere

242 1018 381 1101 poterat;
411 1016 508 1096 atque
536 1010 645 1097 grauis
674 1016 842 1094 praeterea
871 1010 1012 1079 oboritur
1044 1012 1182 1098 suspicio
1210 1010 1396 1078 Branchum

241 1137 371 1198 nomen,
395 1112 481 1198 quod
503 1132 631 1198 prorsus
652 1113 813 1194 singulare
835 1114 939 1180 estin
961 1114 1106 1198 homine,
1130 1134 1239 1182 uerum
1260 1114 1395 1182 omnino

241 1239 305 1287 uon
323 1236 403 1301 csse,
426 1217 484 1284 sed
498 1215 605 1282 fiotum
620 1215 845 1299 subditumque
861 1236 881 1281 a
895 1223 993 1302 poeta
1010 1219 1138 1300 Φοίβου
1153 1213 1344 1303 θεράποντι
1354 1217 1394 1300 ²),

240 1321 337 1388 immo
359 1318 555 1404 prooemium
577 1319 607 1401 Ι,
630 1317 663 1385 in
685 1339 747 1402 quo
762 1318 926 1386 Branchus
941 1319 1137 1403 nominatur,
1159 1339 1223 1386 non
1239 1321 1395 1405 scriptum

242 1442 313 1490 esse
340 1420 384 1487 ad
405 1419 581 1488 Alexandri
608 1419 695 1486 illins
723 1419 825 1487 filium
850 1418 893 1485 ad
916 1439 1010 1506 quem
1033 1409 1185 1506 scriptum
1208 1424 1256 1488 est
1278 1441 1395 1505 prooe-

242 1525 340 1594 mium
360 1522 437 1609 113).
482 1522 587 1601 Quare
613 1523 668 1589 uel
691 1521 903 1588 Gutschmidii
931 1522 1119 1590 coniecturis
1149 1523 1296 1606 quamuis
1319 1543 1395 1610 spe-

241 1628 335 1696 ciosis
357 1624 453 1693 fidem
476 1625 594 1692 hahere
615 1644 749 1708 nequeo.

325 1728 392 1797 Sed
419 1729 515 1815 paulo
538 1734 612 1813 post
633 1725 744 1811 (1870)
767 1745 869 1794 nouus
890 1733 1042 1812 patronus
1068 1727 1191 1794 exstitit
1213 1729 1393 1798 sententiae

240 1832 364 1901 Kellsri
378 1833 415 1898 R.
426 1830 703 1913 Maennelins,
720 1829 773 1912 qui
788 1830 821 1895 in
836 1829 997 1912 Philologi
1012 1830 1196 1896 uoLXXIX
1207 1851 1237 1916 p.
1251 1834 1309 1896 109
1318 1851 1393 1915 sqq.

240 1933 593 2003 commentatiunculam
612 1927 667 2000 ‘de
689 1933 799 1998 Babrii
823 1923 937 1999 aetate'
962 1930 1149 2015 inscriptam
1171 1932 1291 2017 publici
1311 1933 1395 2002 iuris

239 2039 323 2106 fecit.
367 2037 400 2102 Is
427 2041 599 2120 postquam
627 2039 814 2119 argumenta
843 2035 886 2100 ab
908 2033 981 2100 aliis
1004 2055 1045 2100 ex
1066 2033 1129 2100 lab.
1154 2037 1193 2100 85
1217 2040 1248 2102 et
1271 2039 1310 2098 57
1336 2036 1394 2104 de-

239 2146 388 2226 prompta
408 2138 545 2222 repetiit,
568 2155 652 2203 noua
675 2136 790 2202 elicere
813 2142 945 2202 conatus
968 2140 1016 2202 est
1031 2157 1072 2202 en
1087 2136 1206 2203 fabulis
1224 2141 1284 2201 105
1300 2142 1333 2204 et
1350 2141 1393 2206 68

240 2242 337 2310 simili
360 2240 482 2306 ratione
504 2237 683 2324 explicatis
720 2237 862 2317 Quarum
882 2238 968 2323 prior
990 2238 1095 2319 qualis
1116 2239 1149 2303 in
1172 2241 1201 2305 A
1222 2239 1358 2321 legitur:

434 2338 549 2417 Λύκος
571 2332 651 2405 ποτ’
677 2333 760 2427 ύίρας
782 2338 954 2427 πρόβατον
977 2337 1011 2404 ἐκ
1033 2344 1136 2429 μέσης
1159 2347 1305 2430 ποίμνης

367 2441 514 2527 ἐκόμιζεν
536 2435 659 2510 οἴκαδ’·
683 2436 711 2529 ᾦ
733 2443 816 2509 λέων
839 2440 1044 2530 συναντήσας

366 2537 542 2614 ἇπέσπασ’
569 2537 666 2612 αύτύ·
688 2547 745 2612 καὶ
767 2544 863 2623 λύκος
886 2547 1028 2623 σταθεὶς
1050 2543 1167 2633 πόρρω

362 2640 516 2725 “dedicore
539 2639 680 2736 ύιφείλον
703 2650 769 2712 τῶν
792 2639 902 2731 ἓμῶν”
930 2645 1104 2736 ἐκεκράγει.
1202 2703 1203 2706 .

366 2750 449 2815 λέων
473 2749 508 2814 δὲ
530 2751 692 2837 τερφθεὶς
715 2744 791 2814 εἶπε
812 2748 869 2816 τὸν
893 2748 988 2816 λύκον
1012 2749 1173 2816 σκώπτων

362 2846 442 2918 “coi
461 2849 523 2939 γὰρ
547 2851 683 2928 δικαίους
706 2846 771 2917 ὑπὸ
796 2853 905 2938 φίλων
927 2845 1120 2940 ίόοορήθν)”.

238 3073 279 3128 dis
297 3077 421 3142 repertus
440 3072 469 3128 C.
479 3071 500 3126 l.
513 3071 559 3128 Gr.
571 3074 635 3126 2881
656 3067 815 3140 Μένανδρος
834 3065 989 3141 προφήτης.
1000 3110 1006 3122 .
1017 3066 1172 3139 ,βασιλεύοι
1192 3087 1309 3140 quocum
1322 3089 1392 3130 con·

237 3158 314 3213 uenit
329 3159 402 3226 quod
418 3158 489 3213 idem
506 3171 554 3212 rex
573 3156 707 3225 Olbiopoli
724 3154 900 3224 (Miletopoli,
922 3155 1141 3226 Borysthenido)‚
1165 3157 1252 3213 hlileti
1271 3158 1390 3226 colonia¹

238 3246 463 3299 commemoratur
481 3242 510 3296 0.
523 3241 545 3297 Ι.
559 3241 605 3296 Gr.
624 3245 690 3296 2000
706 3233 960 3312 Ἀριστίνοκοο...ὁ
977 3245 1023 3294 καὶ
1040 3239 1181 3309 βασιλεὺς,
1200 3247 1226 3296 ο1
1243 3247 1392 3311 praeterea

238 3326 328 3398 Cyzici
346 3331 428 3394 2151,
446 3327 585 3397 Mytilenis
603 3329 685 3391 2189,
709 3323 827 3394 Megaris
848 3331 922 3381 1052.
942 3331 1020 3395 1051;
1045 3326 1078 3381 de
1096 3333 1194 3381 natura
1211 3327 1390 3396 magistratus

238 3411 273 3468 cf.
286 3413 367 3467 etiam
383 3412 481 3466 Strabo
491 3411 557 3468 XIV
565 3428 593 3481 p.
605 3415 653 3466 632
663 3413 731 3466 extr.
750 3415 796 3463 καὶ
813 3412 855 3464 ἔτι
872 3413 922 3464 νῦν
940 3411 967 3465 οἱ
983 3413 1012 3465 ἐκ
1029 3412 1185 3482 τοῦγένους
1204 3411 1296 3478 (Codri
1315 3413 1390 3468 eius·

237 3513 289 3568 que
304 3497 353 3552 filii
370 3495 510 3563 Androcli)
528 3491 711 3564 ὀνομάζονται
727 3495 861 3566 perculsis,
883 3493 987 3563 ἔχοντες
997 3535 1019 3550 ..
1030 3539 1036 3552 .
1048 3493 1213 3568 προεδρίαν.
1224 3535 1230 3549 .
1241 3501 1302 3550 ,καὶ
1320 3517 1390 3569 πορ-

237 3580 329 3654 φύραν
339 3623 345 3636 .
357 3588 517 3636 ..σκίπωνα
534 3577 597 3635 ἀντὶ
614 3576 752 3654 σκήπτρου
762 3621 768 3634 .
779 3621 785 3636 .
797 3586 857 3635 ,καὶ
873 3581 908 3636 τὰ
925 3584 972 3648 τῆς
980 3577 1143 3636 Ἐλευσινίαν
1160 3577 1299 3655 Δήμητρος
1318 3579 1390 3654 ἱερά.

236 3669 312 3724 Haec
330 3669 359 3725 ni
374 3667 456 3723 fallor
472 3667 593 3735 respexit
610 3665 829 3722 Schneidewinus
848 3667 938 3722 Goett.
956 3669 1006 3736 gel.
1018 3669 1086 3722 Aua.
1102 3671 1167 3722 1845
1185 3668 1255 3737 Aug.
1274 3683 1301 3736 p.
1321 3673 1390 3724 1304

236 3751 335 3810 ‘Wenn
352 3768 405 3809 nur
422 3753 470 3810 der
486 3749 612 3821 βοοιίοὺτ
629 3752 784 3821 uberhaupt
801 3753 845 3807 ein
862 3753 950 3822 lldnig
966 3767 1088 3822 genesen
1104 3747 1163 3808 ist’.

325 3844 348 3906 l)
365 3837 500 3909 Lycophr.
510 3837 587 3892 Alex.
601 3841 665 3893 1310
683 3839 758 3906 uirgo
776 3837 884 3894 Milesia
901 3837 982 3893 Caira
999 3843 1157 3911 Βραγχηοίο
1178 3837 1341 3909 appellatur.

322 3928 349 3990 2)
366 3924 452 3979 Simili
467 3924 573 3980 ratione
596 3923 642 3993 qui
658 3923 796 3979 Chaereae
814 3929 841 3977 et
859 3922 1011 3979 Oelirrhoes
1032 3923 1153 3979 fabulam
1171 3922 1300 3978 creticam
1321 3939 1389 3978 con·

237 4009 347 4080 scripsit
364 4005 546 4064 ‘charitoncm
562 4005 809 4079 Aphrodisiensem’
829 4022 859 4064 ss
876 4007 1033 4078 nominauit,
1052 4008 1086 4064 cf.
1099 4008 1187 4064 Rohd.
1198 4008 1276 4064 Rom.
1287 4024 1315 4078 p.
1325 4013 1388 4063 489.

322 4100 349 4163 0)
366 4094 421 4152 Suo
438 4095 500 4151 loco
517 4095 672 4152 accuratius
689 4095 742 4149 hoc
760 4109 820 4149 sum
838 4093 1018 4163 expositurus.
