2938 4688
250 338 311 401 166
728 342 793 398 Otto
811 343 922 400 Orosius

248 514 382 584 Latinae
403 514 601 602 paenultima
623 533 748 602 semper
770 524 936 586 accentum
965 519 1084 587 lrabeat
1108 537 1239 586 neccsse
1262 525 1327 604 θεῖ,
1357 518 1395 586 cl.

247 618 339 685 Matii
361 617 657 703 choliambographi
672 620 808 686 Romani
830 620 1038 689 uetustissimi
1060 621 1259 691 choliambos
1282 641 1323 688 ex
1341 622 1394 687 mi-

144 722 197 780 „s‘
247 721 396 787 miambis
418 718 467 804 (L.
490 719 633 804 Mueller,
657 720 770 789 Oatull.
793 744 824 808 p.
841 722 912 806 31);

451 843 552 907 nuper
574 821 627 890 die
649 830 763 905 quarto
786 829 821 890 ut
842 825 991 893 recordor
1013 830 1044 890 ct
1067 829 1154 892 certe

451 924 617 1009 aquarium
640 945 770 994 urceum
791 927 919 994 unicum
942 927 1029 994 domi
1050 927 1145 1013 fregit

248 1034 280 1098 et
301 1027 458 1096 Martialis
479 1027 664 1100 recentioris
685 1030 710 1113 Ι,
729 1035 785 1096 10:
951 1039 954 1046 '

449 1130 530 1215 petit
552 1130 715 1198 Gemellus
735 1133 865 1219 nuptias
886 1131 1076 1198 Maronillae

452 1238 485 1300 ct
505 1232 593 1318 cupit
615 1240 647 1300 et
668 1234 768 1300 instat
789 1242 822 1302 θῖ
842 1238 990 1320 precatur
1013 1239 1046 1300 ct
1067 1233 1181 1320 donat,

247 1338 470 1424 monosyllaba
491 1343 599 1403 antem
621 1335 784 1403 ranssima
806 1341 839 1404 et
859 1335 953 1405 certis
967 1334 1083 1403 finibus
1099 1336 1338 1421 circumscripta
1352 1334 1398 1420 (in

164 1473 175 1488 ι’
246 1440 357 1526 primis
384 1438 476 1507 uerbi
495 1429 587 1506 ‘esse'
602 1437 771 1520 'quaedam
797 1437 934 1522 formae)
956 1445 1012 1504 aut
1033 1438 1217 1506 coalescunt
1238 1458 1310 1505 cum
1334 1439 1399 1522 syl-

246 1543 323 1610 laba
344 1541 552 1611 antecedente
575 1539 705 1624 (Matius
720 1541 758 1606 fr.
776 1545 795 1605 2
809 1559 841 1626 p.
857 1543 896 1604 91
913 1540 1023 1607 Muell.
1039 1541 1198 1626 uoluptati
1220 1545 1278 1626 est,
1296 1540 1398 1606 Varro

246 1647 284 1712 fr.
301 1649 362 1710 213
378 1647 416 1711 Β.
429 1644 606 1712 ¹combusta
627 1648 686 1727 θεῖ,
709 1649 897 1729 consumpta
919 1646 977 1722 est,
1001 1642 1117 1710 Catull.
1134 1647 1184 1726 22,
1202 1647 1240 1708 21
1258 1644 1291 1710 in
1307 1646 1398 1728 tergo

246 1754 310 1832 θεῖ,
334 1751 441 1832 37,15
462 1745 629 1829 indignum
652 1750 715 1830 cst,
745 1749 833 1830 39,2
855 1744 1037 1827 ubicunque
1059 1751 1123 1830 θεῖ,
1145 1746 1215 1813 sim.
1232 1748 1283 1829 33,
1300 1749 1330 1812 2.
1350 1750 1398 1810 16.

246 1855 304 1936 44,
322 1849 355 1934 3)
383 1856 438 1915 aut
467 1869 537 1917 cum
562 1848 719 1916 uocabulo
743 1849 806 1914 alio
829 1847 1051 1932 monosyllabo
1075 1883 1117 1894 —
1138 1867 1305 1930 nunquam
1318 1867 1399 1920 ‚uum

246 1951 459 2039 polysyllabo,
482 1951 571 2019 uelut
590 1945 752 2032 ‘equester
766 1941 857 2033 sum',
876 1944 1003 2017 ‘culinis
1019 1941 1088 2035 cst',
1102 1945 1310 2018 ‘amantiores
1325 1956 1399 2017 sunt

246 2091 288 2102 —-
303 2053 415 2122 enclisi
430 2053 663 2137 coniunguntur
677 2050 807 2136 (Catull.
824 2055 874 2135 39,
891 2055 931 2117 21)
949 2052 1121 2138 expolitior
1135 2053 1215 2120 dens
1231 2060 1290 2138 θεῖ,
1313 2047 1365 2139 41,
1379 2057 1397 2118 2

187 2147 191 2151 ’
243 2157 362 2243 'quibus
383 2161 446 2222 non
469 2160 531 2239 θεῖ,
561 2154 734 2238 Priap.36,
753 2159 789 2217 11
814 2153 1017 2222 mentulatior
1037 2159 1102 2222 nou
1124 2163 1188 2239 est,
1217 2155 1357 2222 Martial.
1373 2156 1398 2239 Ι,

249 2262 332 2342 10,2
355 2256 480 2326 foedius
503 2257 547 2322 nil
570 2259 628 2341 θεῖ,
650 2255 708 2340 XI,
733 2261 803 2341 100,
828 2260 847 2322 6
872 2255 1069 2341 pinguiarius
1091 2263 1153 2325 non
1176 2278 1256 2341 sum,
1284 2257 1396 2326 Boeth.

246 2361 287 2428 de
310 2381 395 2428 cons.
417 2359 465 2444 ΙΙ,
490 2364 523 2442 1,
548 2361 566 2424 8
585 2353 758 2426 ‘ostentum
779 2365 808 2424 sl
830 2349 916 2442 quis'
943 2359 1021 2425 satis
1043 2359 1221 2445 singulare,
1244 2361 1357 2428 titulus
1378 2382 1399 2428 a

245 2463 441 2531 Buechelero
456 2462 535 2528 Mus.
551 2460 653 2529 Rhen.
668 2461 797 2528 XXXII
810 2480 841 2547 p.
854 2463 916 2526 179
932 2466 1096 2529 anamotus
1108 2457 1178 2530 ‘ubi
1192 2464 1237 2531 nil
1253 2455 1338 2547 θεῖ’),
1353 2464 1399 2530 ita

245 2572 281 2633 ut
301 2583 464 2648 nunquam
487 2571 640 2648 quantum
661 2563 728 2632 scio
749 2564 946 2648 paenultima
972 2570 1104 2632 accentu
1127 2570 1250 2632 careat:
1279 2567 1312 2633 in
1335 2585 1398 2648 quo

247 2667 357 2734 dubito
380 2689 421 2735 an
444 2666 609 2733 consilinm
632 2667 685 2733 uel
707 2672 792 2734 certe
814 2687 926 2735 sensus
949 2665 1079 2750 quidam
1093 2668 1190 2752 plane
1205 2687 1308 2736 nouus
1323 2685 1397 2750 cog-

195 2833 198 2847 ,
246 2777 396 2838 noscatur
424 2773 573 2837 accentus
603 2769 795 2836 obseruandi
808 2769 842 2854 ¹).
894 2771 1005 2852 Itaque
1039 2769 1212 2836 choliambi
1243 2757 1399 2839 Babriani

245 2873 439 2956 singularem
460 2872 549 2937 illam
573 2870 801 2957 proprietatem
824 2891 873 2938 ex
902 2871 1135 2939 imitatione
1163 2872 1398 2958 Latinorum

246 2980 374 3041 ortam
396 2992 467 3040 esse
489 2991 678 3058 persuasum
699 2972 814 3041 habco.
867 2992 928 3032 ψ

330 3077 449 3143 Verum
471 3075 567 3144 etiam
590 3073 680 3141 aliud
702 3074 779 3158 quid
800 3076 884 3142 inest
897 3074 931 3141 in
945 3076 1091 3144 uersibus
1107 3075 1226 3160 Babrii,
1250 3076 1336 3160 quod
1356 3079 1398 3145 ab

245 3185 314 3248 arte
336 3178 460 3245 Graeca
481 3179 577 3264 plane
600 3177 738 3244 alienum
765 3176 920 3244 uideatur.
965 3177 1058 3245 Cauit
1080 3178 1164 3246 enim
1188 3199 1286 3267 opera
1309 3180 1397 3261 data,

245 3301 359 3348 uocum
381 3281 614 3366 bisyllabarum
635 3301 676 3348 ne
697 3281 819 3361 ultima,
846 3275 1122 3368 polysyllabarum
1143 3301 1182 3347 nc
1205 3282 1319 3370 ultima
1341 3290 1400 3366 aut

181 3401 185 3408 ’
245 3381 442 3470 paenultima
457 3383 570 3450 b'reues
580 3383 614 3449 in
629 3381 694 3450 arsi
708 3383 813 3448 soluta
826 3372 965 3468 subJ'ictu
979 3389 1094 3468 essent,
1108 3381 1146 3451 cf.
1155 3371 1287 3452 uelum.
1295 3385 1397 3470 praef.

244 3507 276 3571 p.
292 3482 379 3553 xlv.
408 3477 498 3565 Quae
521 3485 576 3552 lex
591 3485 625 3551 in
638 3480 818 3571 purioribus
834 3477 950 3550 harum
960 3475 1142 3553 tabularum
1157 3487 1298 3556 fontibus
1313 3507 1397 3555 sem·

244 3608 303 3676 per
324 3588 527 3672 obseruatur,
551 3589 591 3655 cf.
613 3606 724 3655 uorsus
748 3587 805 3671 81,
827 3590 847 3649 4
872 3577 1043 3662 &mellocio
1064 3590 1257 3678 aotclplpg,
1290 3594 1361 3673 126,
1380 3594 1398 3656 6

246 3683 339 3768 ἆλῖλᾶ
374 3689 549 3768 &colcoiaco
582 3709 602 3755 a
633 3688 806 3774 Dositheo,
842 3691 939 3772 7,13
969 3679 1087 3778 ὀνείῖην
1119 3696 1396 3782 προσεπῖέθηκεν,
1461 3687 1462 3714 ³

248 3796 296 3874 18,
312 3796 331 3857 2
350 3795 521 3878 'yavsoltlou
544 3787 711 3875 πότεῖρος,
745 3794 828 3873 26,1
853 3793 1007 3878 γεωρῖγοῦ
1031 3797 1273 3878 κατεῖνέμοντο,
1309 3799 1359 3878 32,
1379 3801 1396 3862 8

332 4033 356 4095 1)
373 4027 443 4083 Nam
465 4043 499 4082 ex
519 4028 624 4082 ratione
643 4041 815 4082 caesurarum
832 4025 901 4084 hacc
917 4027 961 4082 lex
978 4055 1013 4068 —
1030 4042 1099 4098 quae
1116 4027 1187 4084 siloe
1204 4030 1239 4085 ab
1256 4030 1317 4087 aliis
1335 4031 1396 4087 ani-

244 4111 387 4168 maduersa
404 4114 495 4168 nescio
513 4143 546 4154 -
564 4113 660 4169 deduci
678 4113 724 4168 11111
739 4114 837 4182 potest.
