2938 4688
152 324 154 334 Ι
241 313 261 343 ι,
326 306 413 367 „0¹
515 369 547 424 de
565 367 658 424 Babrii
675 372 772 423 aetate.
1160 363 1221 425 133

226 474 255 492 υ
303 465 329 498 ¹1

71 542 126 627 qui
155 563 175 609 a
197 548 288 628 patre
309 538 466 626 βασιλεὺς
487 542 654 626 βασιλέων
676 539 803 608 nomine
828 546 957 609 ornatus
982 540 1024 606 sit
1046 536 1221 622 (Plutarch.
1284 557 1286 562 ’

70 647 187 712 Anton.
205 644 267 728 54).
302 644 405 723 Quam
421 642 610 711 sententiam
627 663 664 709 eo
680 643 879 728 potissimum
896 641 1120 727 commendari,
1137 644 1222 726 qnod

72 747 158 815 Solis
183 741 327 832 (Ἡλίου)
351 746 537 831 cognomine
557 745 613 812 illa
635 746 817 830 appellatus
840 746 881 812 sit
902 745 999 830 (Plut.
1019 748 1133 813 Anton.
1152 743 1222 831 36);

71 849 191 917 nemini
221 849 305 915 enim
335 849 454 916 maiore
483 868 578 933 quam
607 847 701 914 huius
726 846 791 914 filio
813 848 882 916 iure
904 848 1084 915 Branchum
1106 868 1222 914 nomen

73 951 168 1018 tribui
198 951 239 1018 ab
270 951 428 1036 Apollinis
459 949 573 1035 (Solis)
601 948 667 1015 filio
696 951 888 1033 repetitum.'
926 952 1040 1033 Itaque
1070 949 1222 1016 Babrium

73 1056 230 1122 Graecum
259 1055 454 1139 Aegyptium
483 1073 554 1120 esse
581 1052 675 1137 primi
705 1072 733 1119 a.
758 1051 830 1119 Chr.
861 1075 891 1119 n.
921 1052 1058 1119 saeculi:
1087 1071 1222 1134 quocum

73 1156 193 1242 optime
209 1156 377 1222 conuenire
392 1175 569 1222 sermonem
585 1156 663 1239 eius,
687 1155 742 1238 qui
757 1155 895 1240 plurima
910 1155 1088 1221 communia
1104 1155 1223 1223 habeat

73 1281 143 1327 cum
167 1258 252 1325 Noui
273 1257 473 1324 Testamenti
502 1257 640 1324 dialecto
663 1258 852 1342 Veterisque
878 1279 898 1323 a
919 1257 1124 1342 septuaginta
1145 1259 1222 1326 uiris

71 1361 288 1428 Alexandriae
316 1361 565 1453 translatioerlt
583 1359 777 1446 „Alexander
805 1361 861 1426 ille
894 1361 950 1426 uix
979 1358 1091 1428 decem
1122 1382 1230 1430 annos·
1354 1449 1365 1455 ν

71 1473 183 1544 natus,
211 1484 272 1529 uno
295 1465 361 1530 fere
384 1483 467 1528 anno
489 1467 659 1548 postquam
681 1463 808 1530 nomine
829 1462 918 1547 regio
941 1462 983 1529 ab
1005 1465 1144 1532 Antonio
1168 1464 1222 1532 do·
1304 1473 1313 1481 ”
1333 1453 1353 1462 ’

71 1571 166 1632 natus
195 1572 259 1648 est,
287 1583 395 1651 pugna
417 1563 551 1652 Actiaca
579 1564 748 1631 commissa
770 1569 882 1650 captus
905 1571 1001 1650 atque
1023 1567 1065 1632 ab
1089 1565 1222 1635 Octauio

71 1669 147 1751 (Dio
160 1668 247 1736 Cass.
262 1674 311 1753 51,
325 1668 379 1750 21)
396 1688 454 1753 per
469 1666 662 1752 triumphum
679 1666 791 1736 ductus
808 1673 868 1750 estl
885 1674 998 1753 postea
1012 1689 1089 1746 uero
1105 1671 1146 1740 ab
1162 1669 1222 1736 Oo-

72 1773 161 1838 tauia
174 1772 265 1837 iuxta
280 1791 351 1837 cum
366 1771 468 1854 ipsius
482 1770 593 1836 liberis
609 1789 679 1836 cum
696 1770 848 1836 educatus
864 1770 906 1836 sit
920 1768 1017 1853 (Plut.
1030 1773 1145 1838 Anton.
1159 1773 1222 1857 87),

71 1874 233 1964 Romanus
254 1875 356 1938 factus
379 1877 428 1938 est
450 1892 553 1957 neque
575 1870 715 1938 dubitari
736 1878 842 1957 potest
862 1872 937 1955 quin
953 1873 1034 1940 sicut
1049 1876 1147 1942 ceteri
1162 1876 1222 1944 Oc-

73 1975 181 2042 tauiae
203 1974 262 2041 filii
284 1983 316 2042 et
339 1973 483 2060 adoptati
506 1979 539 2040 et
560 1975 733 2058 naturales,
756 1975 798 2042 de
821 1975 935 2058 quibus
951 1978 1134 2044 consulatur
1147 1980 1221 2045 Plu-

72 2077 201 2144 tarchus
217 2079 237 2143 l.
253 2099 278 2144 s.
291 2097 326 2160 s,
350 2076 485 2143 Romani
504 2076 582 2142 ciuis
597 2075 697 2141 uitam
713 2075 846 2158 degerit.
883 2077 989 2158 Quare
1005 2079 1135 2147 minime
1150 2101 1221 2166 pro·

71 2181 180 2247 babile
203 2185 253 2246 est
274 2185 329 2246 aut
350 2181 455 2264 ipsum
478 2199 549 2246 oum
572 2178 699 2245 adultus
716 2183 801 2246 esset
816 2198 924 2261 regem
938 2181 1135 2248 nominatum
1151 2203 1221 2252 esse

71 2290 127 2349 aut
155 2281 255 2348 filium
284 2283 353 2349 eius
376 2317 414 2327 —
438 2288 473 2348 ut
500 2281 599 2348 filium
624 2302 695 2348 eum
721 2282 870 2366 genuisse
892 2283 1083 2368 largiamur,
1113 2306 1220 2369 quam-

72 2405 168 2466 quam
190 2405 231 2450 ne
254 2385 295 2451 do
317 2385 518 2451 matrimonio
541 2385 670 2468 quidem
694 2385 863 2467 quicquam
886 2385 1022 2452 traditur
1038 2423 1080 2432 -—
1102 2388 1143 2454 ab
1167 2390 1221 2456 ho·

71 2488 156 2554 mine
172 2486 332 2572 Aegyptio
346 2481 468 2554 ‘domui
483 2489 591 2571 regiae
606 2486 704 2554 fidem
719 2479 874 2553 seruante'
895 2488 1083 2564 (Schneider
1098 2511 1128 2575 p.
1145 2491 1222 2577 531)
1352 2503 1355 2516 ‘

71 2588 243 2655 educatum
272 2609 351 2656 esse.
404 2587 499 2655 Cadit
527 2588 623 2669 igitur
651 2587 839 2656 Schneideri
867 2591 1047 2658 coniectura
1076 2595 1222 2676 quamuis

70 2691 245 2775 ingeniosa.
1083 2687 1089 2708 ²

167 2794 282 2876 Neque
318 2792 443 2860 felicius
480 2811 547 2860 rem
583 2792 683 2875 gessit
718 2792 767 2860 nir
803 2794 1004 2863 acutissimus
1034 2796 1221 2865 Theodorus

70 2895 289 2981 Bergkius,
313 2895 368 2978 qni
390 2894 503 2962 eodem
525 2895 593 2961 fere
614 2900 757 2979 tempore
779 2896 909 2963 uberem
933 2897 974 2965 de
988 2895 1099 2966 Babrii
1115 2905 1221 2969 aetate

70 2995 125 3080 (on
148 2999 203 3064 the
225 3017 286 3081 age
309 2998 344 3065 of
359 2996 409 3082 Β.)
431 2997 730 3065 commentationem
746 3000 942 3086 conscripsit,
964 3001 1116 3068 insertam
1131 3003 1220 3071 illam

70 3098 225 3165 uolumini
248 3099 341 3166 tertio
364 3097 407 3183 (a.
435 3098 528 3182 1846)
551 3099 712 3166 annalium
735 3101 941 3185 Anglicorum
961 3097 1129 3171 ‘Classical
1152 3107 1219 3172 Mu-

70 3193 168 3268 seum’
195 3201 251 3283 qui
270 3201 484 3268 inscribuntur
506 3183 559 3282 (cf.
582 3201 647 3267 ind.
671 3202 742 3268 lect.
765 3203 876 3268 aestiu.
893 3204 993 3270 Marb.
1014 3209 1094 3270 1845
1117 3228 1148 3291 p.
1163 3210 1219 3295 Ill,

69 3303 126 3369 nbi
149 3323 304 3370 summam
327 3303 505 3370 sententiae
521 3302 676 3388 exponit).
712 3301 926 3371 Proficiscitur
940 3306 982 3371 ab
997 3307 1129 3377 alterius
1149 3332 1220 3397 pro-

70 3406 167 3473 oemii
189 3426 239 3472 uu.
256 3410 275 3471 6
291 3425 376 3488 sqq.:

480 3539 588 3556 .....
606 3481 681 3554 ἀλλ’
708 3487 770 3576 ἐγώ
795 3494 849 3578 νέῃ
872 3489 980 3580 μούσῃ

275 3590 398 3675 δίδωμι
420 3590 562 3680 φαλάρῳ
582 3595 709 3681 χρυσέῳ
729 3593 918 3674 χαλινώσας

273 3690 331 3758 τὸν
352 3698 549 3780 collocutor
572 3687 686 3782 ὥσπερ
708 3693 817 3761 ἵππον
840 3691 991 3786 ὁπλίτην.

68 3812 137 3877 lam
154 3811 385 3880 Callimachum
408 3815 534 3882 fabulas
549 3821 650 3881 metro
666 3815 877 3883 choliambico
896 3816 1136 3901 conscripsisse;
1160 3818 1219 3885 ita-

68 3933 131 3996 que
154 3913 316 4000 Babrium,
340 3917 395 3998 qni
416 3936 532 3984 nouam
554 3936 678 3984 musam
701 3938 736 3985 se
755 3918 916 3984 inuenisse
939 3916 1221 4004 contendatpnnte
1273 3969 1277 4002 r

67 4014 307 4109 Callimachum
315 4018 447 4101 „uisofit
474 4037 604 4087 necesse
633 4039 719 4103 esse,
749 4026 845 4103 atque
875 4040 946 4086 cum
969 4019 1054 4087 dicat
1076 4040 1218 4105 prooem.
1266 4010 1273 4096 :¹¹

66 4117 143 4201 11,9
160 4138 247 4203 sqq.:
