2938 4688
214 283 274 345 160
695 282 758 339 Otto
777 283 888 339 Orusius

212 460 321 541 rimas,
344 459 381 524 41.
404 457 488 524 Nab.
510 455 603 523 Phot.
618 456 681 522 lex.
697 457 737 536 11,
757 461 819 522 450
835 475 923 539 sqq.:
948 463 1034 524 certe
1057 441 1154 526 etiam
1175 456 1365 542 Georgides,

214 561 269 647 qui
292 558 470 646 epimythia
491 556 629 644 plurima
651 555 783 624 exhibet
803 559 981 644 Byzantino
1003 565 1147 644 tempore
1170 559 1366 645 interpolata

214 665 268 749 (cf.
287 667 334 747 11,
354 667 392 727 10
408 681 454 744 sq.
471 664 521 726 26,
540 663 589 725 63.
607 662 657 724 99.
677 661 745 727 122.
765 664 833 745 133,
850 668 878 729 5.
904 667 973 729 144.
998 666 1057 726 145
1073 661 1215 748 1114414),
1237 668 1269 758 41
1293 661 1364 729 Sui-

214 769 290 851 das,
321 765 376 849 qui
405 764 444 831 de
472 761 591 830 Babrio
619 761 700 827 nihil
728 763 787 830 soit
814 763 874 830 nisi
897 763 983 847 quod
1005 784 1047 830 ex
1072 764 1183 831 libello
1206 751 1282 851 ipso
1297 763 1364 832 col-

14 935 20 943 ,
106 941 110 946 ,
213 869 272 955 ligi
306 872 432 955 poterat
467 864 520 948 (cf.
547 862 722 931 Schneider
748 863 770 930 l.
792 885 817 932 4.
839 886 864 933 4.
885 888 915 952 p.
939 865 1014 952 535)
1041 873 1073 932 41
1101 866 1197 933 nimis
1224 887 1328 952 praua
1339 865 1364 950 1)

213 968 372 1038 interdurn
396 966 528 1036 exhibet
541 965 603 1032 'uel
625 964 764 1033 barbara
774 967 799 1051 2)
826 969 968 1036 locorum
996 969 1294 1054 interpretamenta,
1323 988 1364 1036 ex

213 1077 343 1141 auctore
364 1070 496 1154 antiquo
518 1090 582 1136 non
604 1069 778 1136 hauserunt
799 1068 857 1137 sed
879 1070 982 1137 solnm
1003 1070 1158 1138 Babrium
1178 1071 1284 1156 ipsum
1307 1070 1362 1137 ad-

201 1175 392 1240 ·hibnerunt.
442 1172 556 1257 Neque
588 1170 708 1238 firmius
741 1176 789 1238 est
822 1165 966 1239 alterum
986 1173 1109 1242 Naberi
1142 1180 1363 1258 argumentum

214 1275 259 1361 (p.
283 1273 378 1359 422),
408 1273 493 1358 quod
515 1274 630 1339 iterum
652 1272 752 1359 ipsius
775 1275 843 1342 eius
865 1275 972 1342 uerbis
994 1277 1146 1360 referam,
1174 1296 1215 1343 ne
1237 1275 1363 1342 ratioci-

213 1378 375 1444 nationem
396 1377 564 1444 obsouram
585 1375 688 1458 magis
709 1375 807 1442 etiam
829 1378 1018 1445 obscurasse
1040 1378 1167 1445 uidear:
1188 1371 1280 1443 ‘sau
1307 1368 1361 1441 17³

212 1481 317 1564 inquit
335 1474 522 1546 ‘ostendere
550 1478 683 1564 poterit,
712 1498 807 1563 quam
837 1487 929 1547 44144
959 1485 1055 1566 poeta
1081 1480 1218 1547 Babrius
1251 1479 1364 1546 fuerit:

213 1603 277 1649 non
300 1581 384 1650 enim
406 1583 439 1649 in
462 1601 502 1649 ea
523 1581 596 1646 felis
611 1581 753 1648 muribus
768 1580 945 1666 insidiatur,
968 1584 1027 1649 scd
1048 1582 1262 1650 mustelam
1284 1582 1363 1667 legi-

214 1705 283 1752 mus
312 1684 498 1751 insidiatum
525 1681 624 1750 fuisse
652 1683 835 1766 gallinis,
879 1686 948 1750 Iam
978 1683 1065 1770 apud
1085 1681 1269 1751 Phaedrum
1298 1683 1365 1750 fab.

213 1789 303 1871 lua
327 1787 367 1853 de
389 1785 527 1852 mustela
549 1790 581 1851 et
602 1784 781 1851 muribus
803 1791 860 1852 est.
900 1786 1023 1854 Pariter
1044 1786 1077 1852 in
1099 1786 1209 1862 fabula
1232 1789 1270 1849 27
1295 1807 1366 1852 mn-

214 1891 296 1957 stela
318 1892 512 1956 memoratur
534 1892 566 1954 41
580 1886 674 1954 felem
690 1886 827 1954 Babrius
846 1909 908 1955 non
923 1890 1022 1972 nouit,
1045 1890 1134 1955 cuius
1148 1909 1189 1955 ne
1203 1888 1237 1954 in
1252 1887 1368 1955 fabula

215 1989 344 2075 quidem
369 1994 428 2056 108
452 1989 643 2056 mentionem
665 1989 751 2074 14411,
775 2009 872 2072 quum
894 1995 1002 2058 narrat
1023 1996 1058 2058 ut
1078 2009 1149 2057 mus
1171 1990 1311 2057 urbanus
1333 1997 1367 2058 et

213 2092 350 2160 rusticus
378 2098 530 2160 nocturno
559 2097 703 2178 tempore
730 2092 969 2178 trepidauerint.
1013 2094 1120 2160 Etiam
1149 2091 1236 2178 apud
1261 2092 1364 2159 Hora-

214 2196 293 2263 tium
314 2196 348 2261 in
371 2194 484 2262 eadem
505 2193 615 2261 fabula
637 2195 693 2272 1411
715 2195 910 2262 domesticae
932 2196 1020 2262 loeus
1041 2216 1106 2263 non
1128 2202 1186 2277 est,
1210 2195 1304 2261 Satin.
1323 2195 1365 2278 ll,

215 2301 251 2382 6,
271 2301 310 2361 79
328 2348 334 2362 .
352 2349 359 2364 .
377 2288 392 2362 .’
438 2296 579 2363 Primum
607 2297 704 2383 igitur
730 2318 748 2364 4
771 2298 881 2366 fabula
908 2303 944 2362 17
968 2297 1120 2381 colligere
1141 2296 1268 2365 uidetur
1290 2303 1366 2364 ante

213 2397 398 2466 Phaedrum
421 2399 574 2467 Babrium
602 2400 736 2485 uixisse,
767 2422 838 2469 cum
860 2402 928 2469 fera
950 2401 992 2467 sit
1013 2399 1100 2485 apud
1123 2420 1195 2467 eum
1217 2399 1365 2481 mustela,

215 2501 301 2587 apud
330 2501 511 2568 Phaedrum
540 2509 708 2570 mansueta
734 2540 775 2550 -
803 2511 836 2572 at
863 2504 953 2590 ipsae
980 2501 1059 2588 14144
1086 2501 1283 2570 domesticae
1312 2501 1366 2567 uel

77 2611 90 2698 ',
160 2616 187 2664 s
216 2604 312 2672 hodie
334 2603 362 2671 si
383 2611 518 2689 possunt
538 2605 668 2688 gallinis
685 2604 885 2690 insidiantur,
908 2611 1004 2689 atque
1020 2604 1067 2688 (11
1083 2604 1169 2689 quod
1184 2602 1299 2671 summi
1315 2608 1366 2670 est

215 2705 381 2792 momenti)
412 2705 568 2793 αἴλουρος
584 2697 725 2774 'fabulae
757 2712 794 2772 17
817 2707 863 2792 (et
891 2707 965 2791 121)
995 2728 1036 2774 ex
1061 2706 1180 2773 Hehnii
1208 2704 1366 2774 sententia

215 2830 246 2895 p.
266 2812 332 2874 ’402
356 2808 405 2875 ed.
427 2809 459 2874 II
481 2829 521 2876 ne
544 2815 592 2876 441
614 2807 743 2892 quidem
765 2810 901 2877 mustela
923 2809 1052 2898 (γαλῆ),
1083 2808 1141 2875 441
1163 2809 1263 2876 meles
1286 2807 1365 2872 fera.

214 2913 303 2978 Inter
324 2912 491 2978 mustelam
517 2909 649 2998 (γαλῆν)
671 2918 778 2979 autem
792 2912 903 2978 Babrii
924 2919 956 2980 et
970 2911 1111 2979 Phaedri
1132 2911 1252 2976 nullum
1269 2908 1365 2975 inter-

216 3033 287 3081 esse
311 3013 481 3080 discrimen
503 3033 566 3080 non
587 3013 731 3098 negabis,
754 3013 880 3081 fabulas
902 3013 1025 3082 Athoas
1048 3017 1098 3078 27.
1122 3016 1160 3077 31
1186 3017 1218 3079 41
1238 3010 1364 3076 Vatica-

216 3135 291 3182 nam
317 3115 407 3198 192³)
431 3135 502 3182 cum
523 3115 663 3182 Phaedri
677 3114 730 3199 IV,
748 3120 776 3183 2.
793 3121 811 3180 6
835 3117 862 3183 si
885 3115 1109 3203 composueris.
1146 3112 1272 3181 Deinde
1288 3111 1364 3195 qnid

215 3216 359 3300 sequitur
388 3238 428 3284 ex
458 3239 512 3303 eo,
542 3218 629 3301 quod
651 3217 788 3285 Babrius
809 3218 907 3286 felem
930 3218 1138 3286 domesticam
1159 3217 1192 3282 iu
1215 3235 1365 3283 scaenam

305 3458 329 3521 1)
347 3454 429 3509 Uelut
446 3469 466 3507 4.
485 3470 511 3508 u.
530 3449 637 3526 φωλάδι
654 3453 778 3523 legimus:
804 3459 848 3506 καὶ
869 3451 993 3526 potator
1010 3451 1143 3520 σπηλαίου
1161 3469 1293 3525 κρυπτοο·
1312 3448 1366 3502 Βοῖ-

217 3544 292 3610 βριος
309 3535 415 3612 ‘optgere
432 3537 461 3592 δὲ
478 3545 576 3607 χαίτην
593 3538 693 3610 ἔκθορε
710 3535 835 3611 94411144
852 3533 960 3608 κοίληςί
977 3540 1025 3594 sed
1037 3536 1130 3610 patto
1145 3538 1216 3592 hanc
1228 3536 1365 3592 notionem

217 3640 355 3692 nunqnam
379 3624 468 3680 habet.
504 3625 603 3681 Suidae
626 3624 763 3692 exemplar
785 3623 812 3678 h.
830 3624 848 3677 l.
870 3625 999 3682 uitiosum
1021 3630 1094 3690 erat,
1119 3624 1234 3679 Babrius
1258 3620 1366 3676 Athona

218 3731 246 3780 φ.
264 3716 354 3778 saluae
370 3715 445 3766 recte
462 3711 583 3780 praebet.

303 3800 329 3863 2)
347 3813 374 3851 u.
393 3811 417 3851 4.
436 3799 558 3868 αέταορο
579 3799 634 3861 124,
658 3798 685 3847 13
705 3793 801 3848 Suidas
819 3794 1013 3865 interpretatur
1031 3801 1112 3868 τίγνα
1129 3799 1172 3860 (=
1187 3795 1281 3862 tigna).

304 3885 329 3947 3)
345 3880 454 3937 Primus
478 3879 561 3936 edidit
584 3879 614 3933 P.
632 3878 788 3943 Knoellius,
807 3878 918 3934 Wiener
941 3881 1067 3935 Berichte
1092 3884 1156 3935 1878
1180 3895 1207 3948 p,
1228 3883 1287 3934 188.
1306 3882 1366 3933 690.

218 3965 251 4020 V.
270 3969 284 4018 8
302 3965 418 4021 mustela
434 3965 565 4034 gloriatur
582 3960 637 4035 ἐγὼ
654 3959 754 4036 χρόνον
771 3966 903 4018 τοσοῦτον
921 3962 1041 4019 *ἐνθάδε
1059 3962 1194 4035 διατρίβω
1212 3962 1257 4031 (cf.
1281 3967 1321 4028 85,
1342 3967 1367 4018 6.

219 4054 313 4119 1441)
325 4052 334 4121 Ι)
348 4055 396 4104 καί
410 4046 441 4118 μ’
462 4046 544 4102 ἔνδον
562 4050 654 4102 ἔτεκεν
671 4043 845 4118 ἡμυοατόνοε
857 4045 970 4120 (ἡμιοκτ.
982 4051 1048 4115 441,
1062 4064 1132 4104 corr.
1142 4047 1257 4110 Knoell.)
1269 4042 1367 4120 μήτηρ.
