2934 4690
239 375 303 435 242
719 373 783 430 Otto
802 374 916 430 Crusius

182 628 192 638 „.
327 543 529 628 Sedffiani
552 565 677 630 quoque
700 552 846 634 tempora
870 545 1100 614 conueniantne
1122 547 1155 613 in
1178 547 1395 614 coniecturam

239 657 381 719 nostram
405 647 579 716 uidendum
601 653 666 734 cst,
695 669 778 732 quae
802 649 946 732 quaestio
969 654 1001 715 et
1022 649 1093 735 ipsa
1122 652 1212 717 satis·
1230 655 1279 715 est
1305 649 1395 715 intri-

242 759 324 838 cata,
340 772 411 819 oum
426 772 468 818 ne
483 748 524 816 de
538 771 678 836 persona
692 753 822 837 quidem
838 753 906 819 eius
923 755 1054 819 constet.
1089 753 1161 819 Duo
1177 752 1262 819 enim
1273 751 1396 817 Titiani

241 858 368 922 fuerunt
394 854 553 937 rhetores,
582 861 675 938 pater
704 861 737 922 et
764 853 866 938 filius,
895 854 934 920 of.
963 852 1069 940 Apoll.
1100 852 1208 921 Sidon.
1232 874 1281 938 ep.
1304 853 1335 938 1,
1362 861 1396 917 1:

237 953 260 1025 ‘.
278 1010 284 1024 .
301 1009 308 1023 .
325 976 419 1038 quem
440 955 654 1040 (Ciceronem)
676 976 735 1023 nec
755 956 854 1023 Iulius
869 955 1014 1023 Titianus
1037 956 1096 1022 sub
1118 955 1299 1021 nominibus
1320 955 1394 1021 illu-

242 1059 353 1126 strium
375 1056 561 1124 feminarum
585 1056 684 1143 digna
706 1057 912 1126 similitudine
935 1058 1103 1142 expressit.
1147 1058 1282 1143 Propter
1307 1057 1394 1137 quod

241 1162 333 1227 illum
348 1157 447 1226 ceteri
462 1159 580 1242 quique
594 1159 878 1227 Frontonianorum
893 1163 1004 1244 utpote
1019 1163 1263 1226 consectaneum
1286 1177 1394 1225 aemu-

242 1264 309 1345 lati,
333 1282 388 1328 cur
403 1265 605 1328 ueternosum
620 1260 748 1327 dicendi
762 1281 862 1345 genus
876 1262 1062 1344 imitaretur,
1085 1266 1245 1328 oratomm
1267 1260 1394 1326 simiam

242 1353 530 1448 nuncupauerunt',
554 1367 586 1428 et
600 1362 658 1428 Iul.
676 1362 874 1447 Capitolinus
888 1363 1051 1430 Maximin.
1068 1362 1135 1428 Iun.
1151 1363 1176 1448 1,
1193 1367 1211 1426 5
1231 1361 1288 1446 (=
1298 1364 1396 1428 Peter

242 1466 350 1554 script.
367 1465 437 1532 hist.
450 1465 531 1548 Aug.
545 1463 585 1546 ΙΙ,
598 1467 648 1549 22,
662 1463 731 1548 tol:
749 1459 979 1532 ‘Grammatico
993 1465 1108 1532 Latino
1124 1485 1198 1531 usus
1213 1469 1263 1532 est
1277 1463 1393 1548 (Maxi-

242 1569 347 1636 minus
368 1563 485 1650 iunior)
507 1564 710 1648 Philemone,
740 1566 817 1634 iuris
843 1567 945 1652 perito
967 1566 1164 1650 Modesfino,
1192 1571 1318 1633 oratore
1340 1565 1394 1630 Ti-

197 1662 203 1787 l
243 1671 339 1755 tiano,
355 1670 421 1736 filio
438 1668 557 1734 Titiani
571 1667 715 1754 senioris,
731 1669 785 1751 qui
800 1668 1034 1754 prouinciamm
1049 1668 1148 1734 libros
1164 1666 1395 1753 pulcherrimos

243 1772 371 1858 scripsit
386 1771 486 1853 etqui
501 1770 605 1837 dictus
624 1777 673 1837 est
694 1771 788 1836 simia
810 1771 961 1854 temporis
984 1769 1043 1852 sui,
1066 1770 1151 1851 quod
1175 1775 1288 1835 cuncta
1309 1776 1397 1836 esset

243 1864 411 1940 imitatus’.
455 1874 505 1939 De
527 1872 567 1936 Ti
581 1872 653 1938 iano
675 1873 799 1939 iuniore
823 1872 920 1939 ctiam
951 1872 1147 1939 accuratiora
1174 1870 1326 1938 docemur
1353 1871 1396 1936 ab

243 1974 385 2043 Ausonio
401 1980 480 2056 grat.
497 1979 558 2040 aot.
573 1995 604 2059 p.
622 1978 681 2038 711
698 1993 746 2057 sq.
762 1974 855 2057 Toll,
871 1977 933 2038 270
951 1973 1037 2059 Rip:
1058 1968 1112 2038 ‘ut
1133 1991 1256 2039 rursum
1278 1972 1396 2053 aliquis

242 2076 433 2144 adiciet...
467 2075 581 2142 Nonne
604 2075 681 2142 olim
704 2081 737 2141 et
758 2075 846 2161 apud
868 2081 992 2142 ueteres
1014 2075 1106 2141 multi
1134 2070 1292 2140 eiusmodi
1322 2073 1396 2140 doc-

244 2182 329 2242 tores
343 2176 494 2243 fuemnt?
522 2197 563 2242 an
579 2183 612 2243 tu
627 2178 714 2243 solus
729 2183 919 2262 praeceptor
933 2177 1093 2258 Augusti?
1121 2177 1218 2242 immo
1241 2195 1301 2258 ego
1325 2195 1397 2241 cunr

243 2279 351 2348 multis
368 2277 553 2344 coniunctus
569 2276 682 2361 officio,
705 2275 763 2343 sed
779 2297 849 2343 cum
865 2279 1064 2363 paucissimis
1080 2284 1220 2345 secretus
1238 2277 1397 2361 exemplo.

244 2380 327 2446 Nolo
343 2379 541 2446 Constantini
556 2385 734 2464 temporum
749 2384 861 2447 taxare
879 2381 1035 2466 collegas:
1059 2381 1214 2447 Caesares
1237 2380 1397 2447 doceban-

244 2487 310 2566 tur;
333 2480 498 2566 superiora
513 2481 703 2565 contingam.
738 2481 837 2548 Diues
854 2481 986 2566 Seneca,
1008 2502 1068 2548 nec
1083 2488 1190 2548 tamen
1212 2483 1322 2549 consul
1339 2535 1346 2550 .
1364 2532 1370 2547 .
1389 2535 1395 2547 .

245 2581 458 2660 Quintilianus
480 2582 658 2649 consularia
679 2602 737 2667 per
760 2581 958 2649 Clementem
987 2591 1173 2650 ornamenta
1194 2583 1396 2652 sortitus...

245 2683 411 2763 Quomodo
423 2683 568 2749 Titianus
581 2684 754 2766 magister?
765 2684 823 2750 sed
834 2684 992 2768 gloriosus
1001 2686 1058 2752 ille
1070 2685 1293 2771 municipalem
1304 2686 1397 2752 scho-

243 2785 310 2850 lam
327 2783 412 2867 apud
425 2782 641 2850 Visontionem
656 2784 909 2868 Lugdunumque
923 2786 1089 2871 uariando,
1112 2809 1176 2855 non
1198 2794 1304 2854 aetate
1327 2789 1394 2870 qui-

245 2883 319 2950 dem
341 2882 398 2951 sed
420 2883 544 2951 uilitate
567 2886 732 2951 consenuit
752 2937 759 2952 .
776 2938 783 2953 .
801 2879 837 2952 .':
859 2886 943 2953 unde
958 2887 1022 2953 iam
1038 2888 1171 2955 Vinctus
1186 2911 1217 2973 p.
1235 2894 1295 2954 713
1311 2890 1396 2955 Toll.

244 2993 277 3054 et
292 2985 505 3068 Cannegicter
520 2987 540 3051 l.
556 3006 580 3052 s.
596 3007 621 3053 s.
637 3007 668 3070 p.
686 2989 747 3051 271
766 2993 845 3054 extr.
869 2989 1065 3074 collegemnt
1086 2989 1170 3056 huno
1191 2991 1354 3057 'litianum
1377 3012 1396 3055 a

244 3088 401 3174 discipulo
425 3087 562 3154 Caesare
585 3087 627 3156 ad
649 3106 788 3159 summos
809 3091 945 3159 honores
968 3097 1112 3158 enectum
1136 3112 1215 3176 esse,
1243 3092 1302 3159 scd
1324 3101 1397 3178 post

244 3209 356 3257 necem
372 3188 439 3255 eius
459 3183 505 3254 ‘in
520 3195 713 3257 contemtum
728 3193 855 3260 uenisse
871 3194 912 3259 ob
931 3192 1040 3259 odium
1062 3194 1189 3277 tyranni
1212 3194 1396 3280 etludentc

244 3292 386 3357 Fortuna
401 3311 421 3356 a
436 3293 601 3358 consulatu
616 3291 659 3358 ad
681 3293 824 3360 scholam
845 3286 990 3360 rediisse'
1001 3292 1035 3376 ¹).
1071 3294 1140 3360 Iam
1155 3296 1318 3362 ‘titianum
1341 3317 1396 3381 pa-

244 3437 339 3493 fabnla
356 3439 472 3494 Parisini
488 3471 522 3480 -
540 3441 586 3510 qui
603 3442 764 3499 Bonchierio
786 3460 813 3513 p.
830 3448 878 3498 195
901 3447 971 3499 teste
993 3443 1066 3498 illius
1089 3450 1130 3499 est
1148 3446 1247 3502 aetatis
1265 3475 1299 3485 -
1317 3461 1395 3502 omne

244 3523 297 3577 iarn
318 3538 404 3593 genus
427 3524 582 3579 inueniatur
606 3529 1023 3596 1111111111111111(111111111111,
1044 3529 1129 3584 uerba
1148 3533 1278 3598 corrupta
1296 3530 1397 3586 omissa

245 3607 337 3663 addita
354 3609 540 3676 transposita).
571 3611 628 3679 Quo
648 3612 753 3666 accedit
770 3613 842 3682 quod
859 3613 927 3668 haec
945 3612 1040 3668 fabula
1057 3614 1139 3669 latine
1156 3614 1261 3669 reddita
1273 3615 1396 3670 omnibus

245 3693 335 3748 uerbis
352 3698 463 3762 receptu
479 3698 522 3749 est
538 3694 567 3749 in
585 3711 684 3764 corpus
701 3696 767 3750 illud
784 3698 946 3766 perantiquo
960 3697 1040 3753 medii
1052 3699 1113 3752 aeui
1125 3699 1233 3755 saeculo
1246 3699 1395 3765 (Marcum-

244 3793 339 3845 gorum
356 3781 448 3832 aetate
465 3793 498 3832 ex
515 3779 640 3834 Muelleri
656 3775 699 3835 ‘de
716 3779 853 3836 Phaedro’
873 3799 900 3851 p.
919 3786 950 3837 19
969 3782 1113 3849 sententia)
1138 3783 1299 3850 conflatum,
1325 3785 1396 3840 unde

245 3865 308 3914 ante
331 3875 403 3915 saec.
427 3861 454 3914 X
475 3863 606 3918 Romulus
629 3869 656 3918 et
678 3865 805 3934 anonymi
828 3865 1000 3922 Nilantiunus
1018 3867 1325 3937 Wissenbmgensisque
1346 3885 1397 3924 sua

245 3942 402 3999 hauserunt.
430 3945 588 4001 Testimonii
601 3948 683 4016 igitur
696 3949 723 4002 in
737 3949 802 4004 crisi
813 3950 949 4007 Bebriana
961 3952 1110 4006 auctoritas
1123 3967 1155 4007 eo
1167 3967 1222 4006 non
1230 3950 1396 4022 infringitur.

334 4031 357 4091 1)
375 4029 489 4083 Ausonii
506 4030 579 4084 hunc
597 4032 734 4087 Titianum
752 4049 807 4088 non
824 4033 1026 4104 deprimendum
1044 4051 1103 4092 esse
1115 4037 1143 4090 in
1154 4035 1241 4106 ipsius
1254 4038 1395 4108 scriptoris

246 4111 364 4163 aetatem
381 4139 414 4150 —
432 4113 503 4180 quod
520 4114 588 4169 facit
605 4116 709 4172 Teuffel
726 4119 741 4184 5
759 4122 819 4184 401,
835 4122 862 4172 11
884 4149 916 4158 -
935 4120 1025 4175 uerbis
1043 4135 1112 4189 qnae
1130 4122 1296 4178 antecedunt
1314 4119 1394 4188 t‘nolo
