2934 4690
240 317 302 380 218
720 319 784 376 Otto
801 320 913 376 drusius

324 491 402 558 441).
430 495 503 556 125:
532 491 640 558 asinus
662 491 694 557 in
717 497 834 558 tectum
857 511 1003 578 egressus
1023 493 1133 576 ibique
1161 493 1322 579 saltans¹)
1309 493 1390 579 )44

207 667 214 684 ν
238 595 331 680 gulas
352 592 456 676 fregit,
479 598 576 674 atque
598 613 669 659 cum
692 593 909 678 deprehensus
931 593 1068 661 fustibus
1091 593 1239 662 caederet
1225 600 1276 660 tur

389 689 458 759 ‘nul
479 691 544 781 μὴν
566 697 715 781 πίθηκος
737 688 847 776 ἐχθές’
874 690 950 760 cirre
968 690 1037 761 ‘uoti
1059 693 1177 784 πρῴην

392 794 529 882 ἔτερπεν
552 790 637 877 ὑμᾶς
660 788 739 860 αοτὸ
762 799 861 862 τοῦτο
883 789 1049 884 ποιήσας.

239 899 301 965 Pro
324 899 413 964 asino
436 916 566 982 caprum
589 897 704 980 legerit
724 903 829 982 poeta,
852 898 895 964 ad
917 918 1012 982 quem
1034 899 1118 966 redit
1132 917 1243 964 uersus
1257 917 1388 982 prouer-

238 992 529 1074 5144444444
552 1001 699 1078 τέτοκεν,
726 991 968 1084 'e'pucpogd''
954 1001 1023 1065 επὶ
1053 997 1213 1082 δώματι
1242 996 1391 1078 παίζει

239 1101 357 1168 Zenob
379 1101 468 1176 1,.44
491 1098 585 1181 Diog.
607 1100 698 1184 Ι,40.
721 1101 837 1166 Macar
859 1102 885 1185 Ι,
902 1106 950 1166 54.
974 1102 1086 1186 Apost.
1107 1104 1132 1185 Ι,
1150 1105 1205 1167 88.
1235 1119 1319 1185 quae
1341 1102 1388 1165 14-

238 1203 333 1269 bulae
349 1203 450 1268 forma
465 1201 616 1284 primaria
631 1202 766 1283 uidetur,
789 1223 863 1268 nam
886 1223 957 1268 cum
980 1204 1088 1270 441444
1109 1203 1142 1267 in
1164 1202 1282 1269 fabulis
1306 1202 1389 1266 cele·

239 1303 394 1370 berrimus
415 1303 541 1368 facilius
563 1303 763 1370 substituitur
784 1323 841 1388 pro
871 1323 967 1389 capro
995 1325 1068 1370 raro
1096 1303 1148 1387 (H.
1174 1302 1263 1423 134),
1290 1322 1390 1386 quam

239 1404 291 1472 hic
304 1425 363 1490 pro
379 1404 481 1487 illo,t
483 1424 535 1471 um
558 1425 655 1489 caper
676 1425 734 1489 pro
756 1410 872 1472 natura
893 1425 952 1472 444
973 1406 1040 1472 4144
1063 1413 1158 1491 negot
1160 1406 1189 1471 io
1211 1405 1244 1471 in
1268 1401 1390 1470 t'eetum

237 1505 409 1573 ascendere
423 1511 537 1590 potest,
561 1528 625 1574 non
639 1513 746 1592 potest
760 1507 868 1573 asinus
879 1506 912 1591 ²).
945 1507 1077 1597 Irrepsit
1092 1516 1148 1572 444
1149 1526 1199 1572 em
1214 1505 1322 1572 asinus
1346 1525 1391 1571 44

237 1608 348 1674 fabula
362 1606 475 1673 similis
490 1609 668 1692 argumenti
686 1612 803 1674 132=
760 1609 858 1674 -.H
875 1611 933 1672 331
960 1607 1051 1692 (quid
1067 1609 1156 1675 asino
1172 1591 1280 1673 catelli
1300 1626 1392 1674 more

236 1709 364 1776 domino
379 1707 557 1776 blandienti
576 1710 694 1776 lactum
715 1709 811 1794 414),
801 1731 835 1776 m
857 1729 922 1793 qua
942 1715 974 1776 44
994 1731 1053 1794 per
1073 1731 1108 1776 44
1131 1709 1315 1793 aptissimus
1338 1714 1392 1774 444

236 1816 466 1877 etceterarum
496 1810 718 1878 collectionum
749 1811 794 1891 (S
810 1815 868 1896 94,
893 1811 927 1878 O
949 1811 1042 1896 414),
1070 1811 1184 1877 Galeni
1207 1809 1253 1894 (O.
1276 1831 1306 1894 p.
1327 1813 1390 1872 137

237 1919 326 1996 extr,
350 1912 387 1977 cl.
409 1933 441 1996 p.
459 1912 551 1996 445),
580 1912 721 1996 ipsorum
742 1912 1098 1998 paroemiographorum
1121 1911 1202 1997 (lp.
1223 1913 1333 1976 4304.
1357 1931 1389 1976 ιι.

236 2007 313 2090 ὄνος
334 2011 375 2078 τὰ
398 2011 585 2098 Μελιταῖα)
608 2014 681 2080 4444
659 2014 789 2080 4444414
812 2013 1029 2080 confirmatur
1024 2015 1060 2098 3)

321 2117 358 2180 Iu
379 2114 575 2198 1414414130,
599 2135 681 2198 quae
703 2136 765 2182 non
789 2119 895 2181 444444
881 2115 978 2181 44144
998 2115 1033 2180 14
1054 2114 1304 2201 paraphrasibus
1324 2114 1388 2180 Ba·

237 2215 371 2299 1414414,
393 2216 536 2299 Iuppiter
556 2215 711 2283 Mercurio
733 2217 885 2301 imperat,
907 2219 942 2282 ut
964 2217 1104 2282 omnium
1126 2217 1291 2282 hominum
1313 2235 1388 2299 peo-

237 2317 339 2385 catu'
330 2339 364 2382 1n
386 2322 448 2383 4444
386 2317 510 2383 444114
533 2317 651 2402 scripta
672 2321 806 2402 reponat
826 2318 859 2383 in
882 2338 972 2384 arca:
1056 2345 1077 2364 ’ν

236 2453 360 2508 Rolrdius
377 2450 569 2523 proposuit-
587 2445 632 2505 ‘ex
650 2450 782 2506 osculis
804 2456 832 2506 44
849 2447 980 2506 manibus'
1000 2457 1043 2517 (=
1061 2451 1204 2518 amplexu),
1222 2465 1284 2504 nam
1303 2450 1387 2519 Cupi·

238 2538 329 2593 dinem
345 2532 490 2605 ‘adpendix
508 2531 667 2591 miseranda'
687 2539 826 2604 (40415)
845 2535 991 2590 comitatur
1007 2535 1120 2606 Psyche,
1140 2535 1278 2604 delapsam
1295 2540 1388 2588 autem

238 2617 388 2677 innotans‘
390 2619 540 2718 prouimam
559 2613 723 2688 cupressum'
742 2620 789 2673 ille
806 2619 855 2674 441
854 2624 916 2674 atur
933 2625 969 2689 (p.
980 2625 1012 2676 94
1014 2623 1124 2769 ,,ιζ40)

236 2789 308 2844 ulula
326 2786 383 2843 κτλ.
401 2788 448 2843 414
465 2802 561 2842 sanum
578 2794 623 2840 καὶ
641 2790 750 2852 παίζων
767 2788 846 2843 illud:
870 2805 958 2857 neque
980 2790 1051 2844 eninr
1072 2707 1384 2843 444ζ44444441441114ι4

236 2877 432 2942 (Hartungl-
449 2887 545 2942 nempe
562 2877 608 2924 καὶ
626 2888 735 2926 sensum
752 2873 856 2928 nullum
874 2875 1036 2928 haberet—
1043 2873 1121 2941 ,444
1145 2873 1297 2938 exsultans,
1319 2871 1385 2925 insi-

207 2979 210 2984 ·
235 2961 302 3015 14444
326 2974 365 3014 44.
388 2957 417 3011 in
440 2959 521 3012 tecto.
559 2957 652 3011 Scribo
676 2957 758 3024 igitur
781 2954 899 3026 adpone
905 2961 987 3023 ιζων
1006 2959 1065 3013 coll
1080 2959 1147 3012 Eur.
1163 2957 1264 3012 Bacch.
1279 2961 1329 3011 886
1348 2953 1387 3008 aie

235 3043 330 3116 νεβρὸς
352 3041 472 3115 χλοεραῖς
489 3043 499 3110 ΙΙ
516 3043 617 3110 ἐμπαλζ
618 3060 685 3094 οντα
709 3039 830 3110 λείμακος
852 3038 974 3108 ἁδοναῖς,
999 3058 1052 3111 quo
1076 3042 1163 3097 oratio
1191 3041 1277 3110 magis
1301 3040 1334 3094 fit
1355 3043 1387 3094 et

234 3130 424 3200 perspicuaet
412 3127 558 3190 tliraeca,
582 3125 675 3180 414
634 3143 662 3180 ιιι
663 3130 785 3196 t.erprett
805 3126 840 3182 44
860 3127 926 3182 Eur.
945 3127 1046 3183 Bacch.
1065 3131 1130 3191 508,
1153 3126 1237 3180 Arist.
1218 3131 1320 3180 4444
1341 3128 1385 3191 38,

235 3213 395 3278 Theou-‚V
410 3216 450 3266 40.

320 3297 440 3364 4144
460 3295 605 3365 legiturF.
624 3299 718 3364 75(=
733 3295 766 3350 H.
783 3299 841 3362 135)
864 3297 984 3368 ἔριφος
1013 3299 1073 3348 ἐπί
1102 3311 1197 3347 τινος
1224 3289 1386 3348 δώματος

235 3377 496 3451 ὑψηλοτάτου
482 3377 584 3433 ccede
606 3377 700 3446 ἐπειδὴ
724 3378 852 3434 λύκονῖ
827 3377 912 3445 εἶδεν,
936 3375 1066 3452 ἐλοιδόρει
1087 3374 1177 3432 αι’τὸν.
1215 3377 1267 3432 Ubi
1285 3376 1386 3430 iterum

235 3467 322 3521 minus
335 3469 398 3533 apte
410 3463 492 3517 Bubr
503 3470 544 3530 96,
558 3470 619 3532 loq
636 3465 727 3518 Λύκος
744 3460 843 3538 παρῄει
856 3461 981 3538 θριγκόν,
998 3465 1084 3516 ἔνθεν
1099 3462 1218 3532 ἐκννψας
1231 3458 1386 3531 ΙΙάρνειὸς

235 3547 319 3605 αὐτὸν
336 3547 409 3619 slepe
426 3545 513 3600 441141
530 3547 696 3620 βλασφήμως
713 3547 770 3604 κτλ.
777 3565 894 3618 ‚neque
915 3549 985 3603 enim
1002 3563 1088 3643 agnus
1106 3548 1248 3616 Aesopeos
1267 3549 1308 3600 est
1324 3559 1386 3599 ma-

151 3693 156 3698 ,
234 3635 346 3691 1444444.

321 3722 347 3785 3)
364 3717 509 3771 Praeterea
526 3716 598 3770 hunc
614 3717 723 3772 tabulae
741 3717 846 3772 asinum
863 3717 973 3772 habes
964 3733 993 3771 rn
1011 3715 1218 3770 narratiuncula
1236 3714 1300 3768 Luc
1318 3711 1387 3767 Ma-

236 3805 309 3860 orob.
326 3807 373 3858 25:
399 3799 574 3870 Φιλήμων..
593 3805 753 3853 ,κατέκειτο
775 3804 827 3869 μὲν
849 3805 896 3855 ἐπὶ
917 3795 1041 3868 κλίνης’
1028 3801 1144 3873 ηρεμῶν,
1163 3795 1332 3868 θεασάμενος
1353 3795 1386 3850 δὲ

235 3888 301 3943 ὄνον
324 3885 359 3939 τὰ
380 3891 620 3957 παρεσκευασμένα
644 3881 718 3952 αὐτῷ
742 3886 810 3937 σῦκα
834 3886 1063 3939 κατεσθίοντα..
1080 3890 1149 3940 ,καὶ
1165 3880 1264 3956 ἀθρόῳ
1280 3878 1386 3954 γέλωτι

236 3969 324 4026 ιίπιον
348 3967 516 4042 προσδοῦναι
537 3972 578 4038 τῷ
602 3967 658 4036 ὄνῳ
680 3964 796 4040 ἀκράτου
818 3971 913 4040 ῥοφεῖν
933 3967 1093 4042 ἀποπνιγεὶς
1115 3964 1169 4022 νπὸ
1193 3969 1242 4022 τοῦ
1264 3963 1388 4039 γέλωτος

236 4053 388 4109 ἀπέθανεν.
424 4053 497 4121 Quae
514 4053 558 4107 uel
575 4053 635 4108 ideo
652 4053 724 4107 fictis
743 4057 784 4108 444
800 4053 1011 4108 adnumeranda.
