2934 4690
478 417 481 424 ,
526 358 560 413 de
577 357 670 413 Babrii
687 361 785 414 aetate.
1164 357 1226 418 237

73 536 200 597 ueteres
215 550 415 615 paganorum
430 529 518 613 deos,
542 548 620 610 quos
636 549 784 597 essenon
804 530 974 616 negabant,
996 550 1055 616 pro
1077 531 1228 616 malignis

74 631 262 700 nocentibus
278 623 474 699 ‘diabolicis'
494 631 644 699 habuisse
660 631 781 715 (Zeller
796 632 852 715 III,
869 636 899 716 2,
911 635 982 716 298,
998 631 1229 702 Friedlaender
1281 643 1285 650 '

74 735 128 818 ΙΙΙ,
145 738 205 798 451
224 753 271 816 sq.
296 732 422 819 totth:
452 735 541 800 uelut
563 731 649 817 apud
672 731 836 814 Originem
859 732 970 800 Babrii
990 733 1024 798 ni
1046 733 1153 799 omnia
1175 753 1227 800 me

74 835 189 902 fallunt
210 835 379 918 aequalem
402 857 428 903 c.
451 833 579 901 Celsum
600 835 658 918 ΙΙΙ,
677 837 716 900 38
739 835 897 902 Antinous
925 835 1019 901 heros
1042 834 1228 920 Antinopoli

75 939 177 1004 cultus
201 935 330 1019 δαίμων
351 944 416 1022 est,
446 938 501 1019 qui
524 937 668 1003 homines
698 934 818 1029 decipit
840 942 871 1004 et
893 937 1009 1021 agitat,
1036 941 1133 1018 atque
1154 938 1227 1021 V,2

75 1037 225 1120 legimus:
249 1027 397 1126 ...ἢοῦ
413 1040 493 1104 θεοὶ
513 1033 578 1104 εἷεν
601 1030 811 1103 ὃἈπόλίων
833 1039 889 1102 καί
911 1031 928 1102 ὁ
949 1030 1151 1125 Ἀσκληπιὸς
1172 1039 1228 1104 καὶ

75 1131 149 1205 ὅσοι
172 1137 230 1204 ἐπὶ
251 1142 309 1226 γῆς
331 1163 364 1206 τι
386 1152 498 1205 ποιεῖν
521 1143 783 1223 πεπιστευμένοι
806 1137 900 1220 εἰσίν,
925 1131 1010 1203 ἄλλά
1038 1164 1124 1217 τινες
1154 1139 1227 1206 δαί-

75 1265 171 1323 μονες
193 1243 260 1306 τῶν
283 1238 317 1305 ἓν
340 1233 540 1330 ἀνθρώποις
563 1244 678 1329 σοφῶν
778 1240 895 1325 πολλῶ
914 1245 1061 1327 χείρους,
1089 1243 1164 1327 Vll,
1187 1247 1227 1308 69

76 1341 224 1429 φαύλους
239 1341 275 1407 δὲ
292 1342 454 1426 δαίμονας
520 1394 527 1408 .
545 1344 680 1428 λέγομεν
696 1337 791 1430 ἡμεῖς
807 1393 814 1408 .
832 1393 839 1407 .
857 1392 864 1406 .
880 1342 936 1407 καὶ
958 1346 1130 1431 θεραπεία
1153 1343 1228 1410 δαι-

75 1443 183 1525 μόνιον
206 1441 296 1510 ἐστὶν
317 1439 337 1533 ἡ
361 1448 533 1532 θεραπεία
554 1447 621 1509 τῶν
644 1442 866 1528 νομιζομένων
888 1445 995 1524 θεῶν,
1019 1443 1144 1522 πάντες
1164 1445 1227 1532 γὰρ

76 1545 105 1610 οἱ
127 1547 207 1611 θεοὶ
229 1547 295 1611 τῶν
318 1544 428 1612 ἐθνῶν
452 1545 625 1631 δαιμόνια,
654 1547 781 1631 V111,3
805 1545 901 1632 ε’ίπερ
923 1547 1029 1610 ταῦτα
1059 1546 1227 1630 δαιμόνιον

76 1644 162 1712 ἐστὶν
180 1645 267 1734 ἔργα,
292 1646 442 1735 φήσομεν
458 1642 510 1714 ὅτι
526 1650 616 1730 λιμοὶ
633 1650 689 1713 καὶ
706 1640 847 1735 ἂφορίαι
864 1648 1035 1735 σταφυλῆς
1049 1651 1106 1713 καὶ
1129 1641 1226 1737 ἄκρο-

77 1747 180 1834 ίρίιυν
202 1751 258 1814 καὶ
282 1741 402 1832 αὐχμοὶ
426 1739 587 1815 ἀλλὰκαὶ
610 1746 629 1838 ἡ
652 1753 712 1816 τοῦ
735 1743 832 1837 ἀέρος
855 1746 1030 1837 διαφθορὰ
1055 1747 1112 1816 ἐπὶ
1142 1749 1225 1840 λύμῃ

75 1854 137 1916 τῶν
160 1853 314 1935 καρπῶν,
342 1842 420 1915 ἔσθ’
447 1843 503 1916 ὅτε
525 1850 635 1917 δὲκαὶ
659 1855 707 1938 τῶ
729 1855 796 1918 τῶν
820 1848 911 1930 ζῶσιν
933 1849 1074 1938 θανάτῳ
1101 1855 1156 1918 καὶ
1178 1857 1227 1939 τῶ

75 1951 155 2017 κατὰ
178 1955 245 2018 τῶν
269 1945 462 2038 ἀνθρώπων
486 1952 602 2038 λοιμῶ.
647 1953 759 2020 πάντα
781 1956 886 2018 ταῦτα
909 1952 1064 2036 δαίμονες
1087 1947 1226 2042 αὐτουρ-

75 2057 167 2138 γουσι
185 2052 300 2141 δήμιοι
315 2054 385 2119 κτλ.
421 2053 514 2121 Certo
530 2075 568 2121 ea
584 2059 689 2121 aetate
712 2074 776 2137 qua
797 2054 877 2121 talia
899 2055 1030 2137 uolgata
1052 2061 1142 2122 erant
1163 2057 1225 2122 sin-

74 2157 193 2240 gularis
208 2155 266 2222 illa
281 2175 377 2238 quam
393 2155 478 2239 apud
494 2156 646 2224 Babrium
662 2157 840 2224 inuenimus
855 2155 961 2240 opinio
976 2155 1128 2222 facillime
1151 2159 1226 2224 oriri

74 2255 244 2341 poteratl).
783 2254 786 2260 ’

158 2360 259 2425 Totus
275 2357 372 2442 igitur
387 2367 523 2444 quantus
541 2367 590 2426 est
612 2359 821 2427 recentissimi
843 2359 994 2443 temporis
1018 2365 1066 2425 est
1081 2360 1224 2428 Babrius.

13 2529 14 2558 p
77 2461 180 2541 Atque
204 2480 275 2527 oum
298 2468 372 2528 ante
395 2461 522 2527 tertium
545 2483 576 2546 p.
597 2461 670 2527 (lhr.
692 2481 722 2526 n.
744 2460 908 2526 saeculum
931 2460 1010 2526 nulli
1033 2479 1106 2526 eum
1128 2462 1222 2547 scrip·

75 2567 158 2628 tores
173 2579 278 2646 neque
293 2562 526 2630 uominauerint
540 2583 645 2645 neque
659 2560 776 2628 imitati
790 2561 855 2628 sint
865 2560 899 2648 ³),
921 2561 998 2628 inde
1020 2582 1040 2627 a
1061 2563 1155 2628 tertio
1177 2563 1224 2628 in·

161 2747 184 2810 1)
203 2744 281 2800 Talia
296 2746 449 2801 etiamnunc
465 2745 579 2801 credunt
593 2745 704 2800 Graeci:
723 2745 853 2812 Schmidt,
863 2745 1028 2801 Volksloben
1039 2763 1064 2815 p.
1080 2749 1125 2800 185
1136 2761 1175 2815 sq.
1190 2746 1225 2799 al.

160 2833 185 2893 1)
204 2829 289 2884 Simili
305 2829 423 2884 fortasse
439 2830 546 2885 ratione
563 2829 626 2884 clim
639 2830 846 2900 explicabantur
858 2831 919 2886 miri
930 2845 1026 2886 uersus
1039 2829 1095 2885 fab.
1105 2835 1129 2894 2,
1140 2834 1155 2885 6
1167 2845 1224 2898 sqq.

75 2914 212 2969 aNabero
225 2930 251 2982 p.
261 2918 311 2968 419
324 2913 458 2970 damnati:
477 2916 536 2968 τῶν
552 2912 603 2987 γὰρ
622 2914 702 2968 θεῶν
719 2912 828 2968 δοκοῦσι
845 2915 906 2969 τοὺς
922 2919 972 2984 μὲν
986 2910 1095 2981 εὐήθεις
1106 2915 1115 2984 ΙΙ
1129 2909 1226 2986 ἀγροὺς

75 3003 224 3064 κατοικεῖν,
247 2995 309 3051 τοὺς
331 2995 359 3050 θ’
375 3001 505 3070 ,ἐσωτέρω
527 3006 630 3064 τείχους
645 2999 654 3068 ΙΙ
672 2997 745 3052 εἷναί
765 2993 794 3052 τ’
814 2997 925 3067 ἀληθεῖς
941 3004 986 3052 καὶ
1004 2999 1038 3051 τοὶ
1056 2993 1141 3053 πάντ’
1162 3001 1224 3052 ἐπο-

76 3081 198 3148 πτεύειν,
223 3083 256 3137 de
281 3083 378 3152 quibus
402 3082 488 3139 falsus
510 3088 553 3139 est
570 3083 662 3138 Keller
678 3100 704 3152 p.
720 3088 767 3138 391
789 3090 869 3150 extu,
893 3082 975 3138 ceteri
991 3085 1151 3149 tacuerunt,
1176 3097 1225 3151 ego

76 3173 179 3222 certum
198 3167 326 3223 iudicium
343 3167 467 3236 prolerre
484 3183 539 3222 non
557 3169 652 3222 audeo.
688 3167 806 3222 Faciunt
828 3171 917 3222 tamen
935 3171 967 3221 ut
983 3166 1111 3222 recorder
1128 3181 1225 3222 uersus

76 3251 170 3306 Seueri
188 3252 281 3307 Sancti
297 3251 457 3307 Endelechii
475 3251 655 3305 Anthol.Lat.
666 3250 707 3306 ed.
717 3251 792 3306 Ries.
803 3255 861 3318 893,
874 3255 921 3305 105
931 3267 1005 3321 sqq.:
1024 3247 1137 3320 ‘signum
1153 3253 1225 3322 quod

75 3335 220 3404 perhibent
239 3351 299 3391 esse
317 3337 405 3391 crucis
423 3336 466 3389 dei
480 3334 634 3403 ltmagnis
653 3335 706 3404 qui
722 3336 845 3391 colitur
863 3337 955 3392 solus
975 3337 1007 3391 in
1025 3335 1223 3392 urbibus..‘

13 3475 14 3502 ,
161 3424 186 3486 3)
203 3421 291 3475 Leuia
314 3425 377 3475 sunt
400 3435 470 3489 quae
487 3419 579 3474 Keller
601 3436 628 3488 p.
647 3423 694 3473 401
718 3419 778 3474 adn.
798 3425 845 3475 191
864 3421 1015 3490 disputauit
1035 3422 1068 3477 de
1085 3422 1223 3490 Meleagro

13 3507 14 3550 i
76 3511 101 3558 et
118 3506 272 3576 Antipatro,
309 3504 425 3559 Grauius
444 3504 553 3560 uidetur
570 3504 642 3573 quod
660 3504 732 3573 apud
751 3505 898 3560 Zenobiam
916 3511 997 3571 (saec.
1013 3507 1041 3561 ll
1054 3510 1134 3571 extr.)
1147 3507 1180 3571 V,
1191 3511 1223 3560 93

75 3590 101 3643 in
119 3589 214 3644 fabula
231 3590 384 3666 Babrianae
402 3593 434 3645 20
453 3589 532 3643 simili
555 3589 667 3658 legitur:
689 3584 704 3642 ὁ
729 3585 759 3640 δὲ
781 3585 856 3643 δέον
878 3589 1043 3659 βοηθεῖν,
1068 3588 1224 3644 ἐπεκαλεῖτο

75 3672 124 3726 τὸν
136 3670 275 3746 Ἡρακίίο,
294 3689 410 3744 quocum
429 3673 464 3728 cf.
476 3675 558 3730 Babr.
569 3678 610 3738 20,
622 3679 651 3728 3:
671 3671 751 3727 δίον
768 3675 926 3743 βοηθεῖν,
945 3671 1025 3728 αὐτὸς
1042 3670 1121 3745 ἇργὸε
1138 3672 1225 3740 εἱστή-

13 3759 14 3768 ³
74 3777 122 3822 κει,
140 3760 180 3824 τῷ
200 3757 228 3812 δ’
243 3753 367 3832 Ἡρακλεῖ
384 3755 554 3833 πρασηίχεθ)
569 3756 625 3812 ατί.
655 3758 708 3813 Sed
726 3773 887 3828 quamquam
903 3758 1000 3812 mirum
1018 3761 1060 3812 est
1077 3758 1161 3812 uerba
1177 3758 1224 3812 illa

13 3829 14 3840 ¹
74 3842 149 3910 prius
167 3841 284 3897 trimetri
301 3842 380 3898 colon
398 3842 534 3912 explentia
553 3843 625 3912 apud
645 3843 916 3914 paroemiographum
940 3847 1059 3907 exstare,
1082 3845 1172 3897 tamen
1190 3855 1224 3898 ex

75 3925 176 3980 Bebrio
195 3942 256 3981 eum
275 3943 325 3982 sua
341 3928 466 3984 hausisse
484 3943 538 3982 uon
557 3927 647 3993 credo,
667 3943 727 3983 cum
747 3932 838 3984 cetera
855 3927 934 3982 nimis
952 3927 1060 3982 diuersa
1075 3926 1129 3980 sint
1141 3941 1158 3980 a
1169 3925 1224 3979 Ba·

75 4009 177 4064 brionis
201 4015 283 4080 atque
305 4012 366 4080 ipsa
390 4012 438 4066 illa
459 4011 545 4066 uerba
566 4012 698 4082 simplicia
721 4016 771 4067 aut
788 4012 823 4067 ab
840 4017 956 4081 utroque
974 4009 1087 4067 seorsim
1104 4009 1158 4066 dici
1175 4009 1224 4076 (ita

76 4108 172 4148 uersus
191 4099 257 4161 66,7
276 4096 382 4152 initium
400 4096 498 4166 legitur
516 4095 597 4152 είίειο
615 4095 794 4153 scholArist.
805 4109 867 4150 auu.
880 4099 954 4163 1199)
970 4101 1021 4151 ‘aut
1038 4111 1071 4151 ex
1090 4096 1225 4186 communi

127 4187 242 4239 Leipziger
255 4190 357 4232 Studien.
383 4189 413 4231 Π.
989 4202 1021 4253 16
