2934 4690
724 310 788 366 Otto
806 311 917 367 Orosius

548 480 656 545 ...οἱ
680 479 715 545 δὲ
740 483 847 568 ψᾶρες
870 478 904 546 ἐκ
927 485 1106 569 ooopertus

420 575 537 668 ἤκουον
560 579 590 646 εἰ
612 579 671 668 τὴν
694 581 877 669 σφενδόνην
900 574 979 647 ποτ’
1004 575 1117 669 ᾐτήκει
1139 584 1206 648 κτλ.

244 687 418 765 1115111
618 669 624 680 ’

419 782 452 848 οἱ
473 785 581 869 ψᾶρες
605 769 711 870 ἦλθον
732 776 911 867 κᾶνέμοντο
934 781 993 870 τὴν
1013 781 1133 872 χώρην.

418 882 436 948 ὃ
461 876 492 948 δ’
520 879 621 972 ἄρτον
642 879 723 970 ᾔτει,
746 883 905 972 καθάπερ
929 881 994 967 εἶχε
1017 884 1175 973 συνθήκη.

419 988 451 1050 οἳ
475 977 506 1049 d'
533 978 591 1050 οὐκ
613 983 752 1074 ἔφευγον
773 988 840 1052 κτλ.

245 1088 365 1155 Contra
393 1086 425 1152 in
457 1087 602 1153 uersibus
631 1089 766 1172 ultimis,
802 1088 843 1155 de
873 1087 987 1170 quibus
1020 1087 1145 1154 dubitet
1178 1087 1392 1172 Eberhardus,

244 1191 391 1274 graculus
420 1188 534 1255 iterum
558 1189 757 1274 produoitur,
786 1195 821 1256 ut
846 1190 1017 1274 gruibus
1045 1188 1281 1256 ooourrentibus
1305 1211 1391 1274 prae-

245 1293 370 1374 reptum
401 1289 456 1356 det
484 1290 595 1356 fabula
625 1310 821 1374 expressum.
872 1291 1041 1358 Pristinam
1075 1291 1108 1355 ni
1136 1290 1231 1357 fallor
1259 1290 1394 1357 formam

244 1391 409 1458 Phaedrus
439 1391 572 1458 exhibet
599 1393 723 1458 Romul.
752 1412 826 1476 app.
850 1397 869 1458 6
894 1421 937 1444 --
959 1392 1064 1458 Burm.
1084 1412 1161 1474 app.
1187 1397 1242 1474 lt,
1272 1393 1391 1459 Dressl.

245 1493 448 1577 app.ll,10:
469 1487 566 1560 ‘drus
589 1501 623 1559 et
644 1495 753 1560 cornix
774 1495 857 1562 inter
880 1512 914 1560 se
937 1493 1154 1560 coniuratione
1178 1491 1392 1560 nnitafirma

245 1599 367 1676 uerunt,
391 1598 426 1659 ut
446 1614 523 1678 grus
546 1595 702 1661 oornioem
725 1595 767 1660 ab
790 1595 863 1662 aliis
885 1594 999 1662 auibus
1027 1594 1208 1662 defensaret
1229 1600 1263 1661 11
1285 1595 1392 1662 cornix

244 1697 293 1762 illi
315 1695 420 1761 lutura
441 1696 660 1780 praeuidendo
682 1702 834 1763 narraret.
880 1695 970 1774 Quae
996 1696 1069 1762 dum
1094 1695 1136 1762 ad
1158 1715 1268 1778 agrum
1292 1695 1391 1761 ouius-

246 1796 320 1862 dam
335 1797 462 1882 saepius
480 1798 669 1865 aduenirent
691 1803 723 1864 et
745 1818 844 1883 grana
867 1817 950 1882 quae
972 1797 1048 1863 olim
1071 1801 1143 1862 sata
1164 1796 1288 1862 fuerant
1310 1797 1390 1862 radi·

247 1898 327 1963 oitus
350 1898 540 1982 euellerant,
567 1899 680 1966 uidens
701 1899 848 1966 dominus
871 1898 941 1981 agri
963 1897 1064 1964 doluit
1086 1904 1118 1963 et
1139 1897 1185 1962 ait
1206 1916 1322 1980 puero:
1353 1896 1392 1962 da

244 1999 324 2066 mihi
346 2005 479 2083 petram.
524 2001 646 2067 Monuit
667 2021 777 2084 gruem
800 2007 833 2067 et
855 2005 946 2067 oauto
968 2018 1004 2065 se
1028 2005 1170 2082 egerunt.
1215 1997 1290 2064 Alia
1318 2017 1391 2064 uero

246 2099 299 2168 die
315 2100 448 2168 audiens
464 2104 583 2186 oornix,
606 2104 692 2185 quod
713 2107 837 2186 petram
860 2106 1036 2183 quaereret,
1060 2099 1252 2166 commonuit
1273 2119 1390 2184 gruem,

246 2223 286 2268 ne
309 2202 387 2268 mali
409 2201 532 2284 aliquid
554 2195 725 2288 pateretur.
769 2202 942 2287 Perpendit
964 2201 1058 2268 homo
1080 2200 1151 2285 ille,
1178 2201 1263 2283 quod
1285 2201 1389 2268 cornix

246 2301 404 2369 diuinaret
418 2300 483 2388 <11>
504 2304 581 2370 dioit
602 2324 716 2388 puero:
739 2303 866 2388 quando
886 2302 1006 2386 dixero,
1029 2302 1072 2369 da
1093 2302 1172 2368 mihi
1194 2302 1301 2384 offam,
1323 2322 1389 2386 por·

245 2405 313 2490 rige
336 2404 486 2489 lapidem.
521 2405 580 2471 llle
595 2407 726 2473 ueniens
750 2405 832 2471 dixit
853 2423 960 2489 puero,
984 2410 1018 2470 ut
1041 2403 1132 2470 daret
1153 2403 1261 2488 offam,
1285 2411 1318 2471 at
1338 2404 1388 2468 ille

244 2507 387 2592 porrexit
401 2491 553 2592 lapidem,
577 2508 631 2591 qui
645 2527 756 2590 gruem
771 2505 927 2590 percussit
943 2509 975 2571 et
989 2525 1081 2571 orura
1096 2504 1164 2572 eius
1179 2505 1282 2590 fregit.
1318 2504 1386 2570 Vul-

245 2612 374 2673 neratus
396 2626 472 2690 grus
494 2606 577 2675 dixit
597 2607 730 2675 eornioi:
761 2605 817 2674 ubi
838 2612 911 2672 sunt
933 2605 1043 2672 diuina
1067 2605 1211 2689 auspioia
1238 2613 1310 2690 tua,
1337 2624 1386 2672 our

245 2728 295 2774 me
311 2728 374 2774 non
389 2709 550 2792 monuisti,
574 2709 649 2792 quia
663 2707 742 2774 mihi
764 2708 872 2774 taliter
893 2706 1004 2773 habuit
1025 2707 1215 2792 proueniret
1250 2707 1386 2792 Respon-
1454 2777 1455 2806 ¹

245 2808 308 2875 dit:
331 2829 405 2874 mea
425 2810 477 2876 hio
498 2810 712 2896 intelligentia
729 2808 898 2893 culpabilis
920 2828 982 2875 non
1004 2815 1062 2891 est,
1085 2807 1144 2875 sed
1165 2809 1305 2875 omnium
1327 2827 1386 2872 ma·

245 2912 347 2978 lorum
364 2915 437 2975 sunt
459 2907 573 2976 dolosa
594 2910 734 2992 consilia,
759 2910 814 2992 qui
835 2909 925 2977 aliud
947 2910 1055 2976 dieunt
1077 2917 1110 2977 et
1131 2909 1220 2977 aliud
1243 2901 1385 2995 agona'1)

246 3012 339 3079 Certe
361 3011 422 3078 hao
443 3009 477 3075 in
498 3009 610 3076 fabula
631 3047 672 3056 —
695 3029 778 3092 quae
793 3011 956 3077 simillima
971 3017 1019 3077 est
1033 3012 1151 3078 ueteris
1166 3011 1253 3077 illius
1275 3011 1314 3076 H.
1330 3011 1385 3074 312
1454 2999 1455 3012 *

247 3114 286 3180 de
309 3111 434 3180 oornioe
457 3111 569 3196 111111)
591 3148 633 3158 -
656 3111 737 3178 sieut
758 3111 792 3176 in
813 3113 897 3179 bono
913 3112 1056 3179 dramate
1070 3112 1150 3179 nihil
1166 3119 1214 3181 111
1229 3112 1315 3195 quod
1328 3131 1386 3176 non

245 3216 286 3282 sit
308 3213 539 3298 moeremium,
568 3232 723 3296 personae
745 3214 890 3297 singulae
913 3213 955 3278 ab
981 3214 1070 3280 initio
1098 3233 1200 3296 usque
1229 3215 1272 3280 ad
1299 3212 1386 3278 finem

245 3321 360 3400 agunt,
388 3315 495 3380 omnia
517 3316 670 3381 ooneinna
696 3322 767 3381 sunt
794 3322 826 3382 et
855 3315 1088 3396 consequentia.
1134 3315 1269 3382 Babrius
1297 3315 1386 3400 igitur

247 3415 415 3500 exemplar
444 3422 623 3499 corruptum
653 3416 837 3482 adhibuisse
867 3414 1007 3499 uidetur,
1040 3417 1073 3480 in
1102 3435 1166 3498 qua
1193 3417 1385 3500 graoulorum

246 3519 298 3588 uel
321 3515 454 3585 cornicis
476 3521 583 3600 partes
606 3515 791 3584 exciderant
812 3516 864 3582 uel
887 3523 973 3584 uerte
1002 3517 1168 3584 mutilatae
1196 3524 1300 3584 erant:
1328 3534 1384 3598 quo

334 3706 358 3769 1)
375 3701 465 3756 Satius
482 3699 566 3758 habui
583 3700 701 3756 barbara
717 3700 834 3755 retinere
851 3698 969 3768 integra,
994 3714 1074 3768 quam
1091 3700 1274 3756 audacissima
1291 3713 1384 3769 suppo·

244 3803 309 3842 nere
327 3788 478 3842 commenta
493 3783 632 3854 hominurn
652 3783 799 3841 doctorum.

332 3875 357 3938 1)
375 3870 418 3924 Ad
440 3869 576 3938 exemplar
598 3869 656 3924 eius
673 3869 739 3923 dota
755 3868 862 3924 uidetur
879 3867 973 3922 fabula
990 3868 1071 3924 medii
1090 3869 1114 3924 si
1132 3874 1205 3926 reete
1222 3869 1313 3925 iudico
1330 3863 1386 3922 aeui

245 3954 323 4009 Rom.
345 3968 407 4023 app.
429 3958 463 4009 66
485 3948 628 4023 ‘quomodo
650 3966 773 4023 passeres
800 3967 817 4006 a
842 3953 1045 4010 trituratoribus
1072 3950 1256 4020 occiduntur,
1282 3954 1312 4008 in
1337 3963 1386 4020 qua

246 4038 323 4092 corui
339 4038 430 4092 locum
447 4037 562 4092 hirundo
581 4037 678 4107 explet.
