2934 4690
234 297 298 358 224
683 333 686 336 -
715 292 779 348 Otto
798 292 909 348 Crusius

235 469 278 548 ad
301 467 517 536 Stesichorum
539 466 643 534 redire
665 466 836 534 uideantur
848 465 883 552 ¹).
928 455 1136 534 Memorabile
1160 472 1268 533 autem
1296 465 1389 548 illud,

235 571 323 654 quod
341 570 518 656 collapsum
533 589 657 636 murum
673 567 844 656 putridum,
867 570 900 635 in
922 589 985 654 quo
1007 585 1133 635 summa
1155 565 1289 634 duarum
1311 567 1390 633 ista·

234 694 305 740 rum
327 676 499 740 formarum
526 670 706 738 differentia
736 678 785 738 est
812 671 935 758 posita,
964 668 1062 736 simili
1090 668 1213 736 ratione
1241 668 1391 738 adhibuit

234 775 388 842 Palladas
417 773 511 841 Anth.
536 773 604 840 Pal.
626 769 690 858 IX,
708 777 769 838 378
800 778 936 841 exeunte
964 772 1031 839 fere
1060 777 1173 853 quarto
1204 792 1236 857 p.
1259 770 1334 838 Chr.
1358 792 1390 836 n.

236 875 411 959 sacculo2).
709 873 712 880 ’

321 978 413 1045 Bodl.
437 979 478 1041 56
499 973 557 1059 (ad
579 976 731 1042 Babrium
752 976 836 1043 redit
858 975 955 1042 etiam
977 977 1013 1042 F.
1031 977 1092 1040 352
1116 980 1149 1042 et
1170 975 1210 1042 Η.
1227 972 1309 1040 toll
1332 976 1388 1041 do-

236 1079 453 1165 decasyllabis
469 1085 631 1164 concepta,
649 1079 687 1145 ci.
703 1078 821 1146 llberb.
836 1100 867 1165 p.
880 1077 936 1163 94)
953 1078 1069 1145 miluus
1085 1095 1104 1140 a
1119 1082 1276 1162 serpente,
1293 1097 1388 1160 quem

235 1183 269 1248 in
296 1183 396 1248 altum
426 1180 574 1264 abstulit,
604 1179 766 1246 mordetur
790 1180 1085 1266 praecipitatusque
1107 1179 1215 1245 statim
1237 1180 1388 1264 moritur;

235 1283 349 1366 anguis
372 1288 479 1349 autem
498 1276 566 1347 ‘cur
588 1286 655 1348 tam
677 1282 807 1347 insanus
829 1275 928 1350 fuisti'
955 1282 1059 1364 inquit
1083 1275 1132 1346 ‘ut
1154 1301 1218 1366 eos,
1242 1283 1297 1366 qui
1319 1285 1390 1349 nul·

236 1387 302 1451 lam
325 1384 385 1450 tibi
398 1383 545 1451 iniuriam
560 1383 742 1467 intulerunt,
765 1384 895 1452 laedere
909 1375 1018 1450 uelles'
1038 1388 1097 1449 etc.
1134 1384 1260 1450 Fabula
1275 1384 1394 1450 similis

237 1505 340 1569 eaque
362 1485 421 1551 sub
444 1483 538 1551 finem
561 1484 623 1551 bac
640 1485 832 1552 scholastica
846 1487 962 1553 laetior
976 1492 1083 1552 exstat
1097 1483 1130 1550 S.
1150 1488 1207 1548 127
1224 1482 1278 1568 (H.
1295 1485 1393 1569 207):

237 1585 353 1675 Κόραξ
372 1588 499 1674 τροφῆς
523 1579 659 1673 όποριῦν
682 1581 728 1663 ὠς
744 1583 911 1652 ἐθεάσατο
927 1581 1008 1674 όφιν
1024 1586 1058 1652 έν
1073 1611 1140 1652 τινι
1156 1578 1277 1673 εὐηλίῳ
1292 1586 1393 1673 τόπῳ

235 1689 451 1773 κοιμώμενον,
474 1691 592 1753 τοῦτον
614 1686 787 1766 καταπτὰς
805 1680 946 1776 ἥρπασε.
989 1692 1056 1754 Τοῦ
1072 1687 1108 1753 δὲ
1124 1685 1394 1777 ἐπιστραφέντος

236 1795 292 1859 καὶ
319 1789 477 1866 όακόντος
507 1781 622 1870 αὐτὸν,
653 1782 882 1878 ἀποθνήσκειν
911 1792 1041 1874 μέλλων
1064 1788 1144 1878 ἔφη·
1172 1783 1262 1854 (ἀλλ)
1289 1789 1394 1876 ἐ’γωγε

237 1893 400 1971 δείλαιος,
430 1883 483 1957 ότι
508 1893 661 1958 τοιοῦτον
684 1890 821 1980 ἕρμαιον
844 1885 948 1978 εὗρον,
977 1891 1013 1970 ἒξ
1033 1885 1072 1958 οὗ
1094 1894 1148 1957 καὶ
1173 1885 1390 1977 ἇπόλλομαιῖ

237 1995 305 2064 Sed
333 1994 437 2078 magis
464 1995 561 2061 etiarn
585 1994 749 2082 popularis
770 1994 909 2062 Archiae
930 1993 1117 2080 Mitylenaei
1139 1996 1242 2061 forma
1264 1995 1393 2062 uidetur

236 2096 333 2163 Anth.
349 2096 418 2163 Pal.
433 2097 489 2180 IX,
507 2099 579 2182 339,
600 2096 634 2161 in
657 2115 721 2178 qua
742 2118 800 2183 pro
823 2117 927 2183 angue
950 2105 999 2164 est
1021 2096 1147 2183 scorpio
1158 2096 1200 2182 ³):

315 2193 372 2263 ’Ἑν
395 2221 480 2262 ποτε
501 2202 733 2286 παμφαίνοντι
754 2197 858 2281 μέλαν
880 2196 1004 2286 πτερὸν
1028 2197 1144 2285 αἰθέρι
1167 2200 1285 2281 νωμῶν

412 2297 573 2384 σκορπίον
596 2296 630 2364 ἐκ
651 2304 748 2388 γαίης
770 2296 838 2365 εἶδε
860 2300 1010 2387 θορόντα
1032 2298 1143 2398 κόραξ,

323 2399 361 2467 ὃν
382 2399 529 2488 μάρψιον
552 2395 714 2487 ὤρουσεν·
737 2395 755 2466 ό
780 2394 812 2465 d'
839 2394 993 2480 ἀίξαντος
1016 2394 1074 2467 ἐπ’
1102 2399 1202 2478 οὖδας

414 2496 461 2568 οό.
473 2501 599 2590 βραδὺς
623 2494 781 2590 εῧκέντρῳ
804 2502 908 2583 πέζαν
930 2502 1033 2588 ἔτυψε
1054 2504 1154 2587 βέλει,

327 2693 350 2754 1)
368 2687 450 2742 Falso
467 2687 549 2754 igitur
566 2687 695 2743 Benfeins
713 2688 842 2744 Pantsch.
854 2688 867 2741 Ι
880 2705 907 2758 p.
917 2691 966 2744 363
984 2687 1095 2743 fabulae
1111 2687 1241 2756 originem
1258 2686 1294 2742 ab
1313 2686 1393 2742 India

237 2773 380 2843 repetiuit3
404 2768 467 2828 na'm
486 2771 634 2828 Stesichori
656 2778 745 2828 aetate
766 2773 877 2828 fabulae
897 2772 1006 2828 Indicae
1029 2772 1058 2828 in
1083 2773 1226 2827 Graeciam
1248 2787 1305 2827 non
1329 2779 1395 2827 sunt

238 2857 399 2915 translatae.¹
424 2857 592 2926 Quamquam
609 2857 654 2911 uel
670 2873 720 2925 per
738 2855 892 2912 se'minime
910 2856 1039 2914 credibile
1056 2861 1098 2912 est
1109 2857 1252 2927 pulchram
1262 2856 1394 2912 fabellam

239 2944 372 3000 Graecam
396 2958 430 2998 ex
454 2940 579 2996 orientali
601 2940 647 2995 illa
663 2936 772 2996 ‘ortam'
793 2956 866 3008 esse,
890 2943 919 2996 in
944 2958 998 3012 qua
1022 2939 1090 2996 nihil
1112 2942 1165 2998 nisi
1185 2947 1340 3010 serpentem
1358 2941 1393 2996 ab

239 3029 332 3098 aquila
343 3032 452 3096 raptum
464 3040 597 3082 uenenum
608 3025 636 3079 in
649 3041 699 3081 uas
710 3026 853 3082 immisisse
864 3031 994 3081 narratur
1002 3025 1045 3090 (cf.
1056 3027 1105 3082 uit.
1115 3028 1177 3081 Aes.
1187 3043 1214 3096 p.
1226 3031 1257 3081 81
1268 3025 1393 3090 Eberh.).

239 3114 310 3170 Nam
329 3113 401 3183 quod
418 3111 545 3168 Benfeim
564 3110 630 3166 dicit
646 3106 699 3168 ‘die
708 3111 876 3181 Verfolgung
893 3111 941 3167 der
958 3111 1111 3179 Schlengen
1128 3112 1216 3166 durch
1225 3111 1310 3180 ngel
1328 3111 1396 3166 oder

240 3197 351 3270 speciell
368 3197 420 3252 den
438 3197 733 3265 schlangentbdtenden
745 3197 856 3252 Garuda
869 3198 922 3263 [ist]
937 3197 979 3251 ein
991 3212 1022 3251 so
1035 3196 1244 3265 eigenthltmlioh
1256 3195 1393 3250 indieoher

240 3283 307 3351 Zug,
325 3283 388 3337 dass
406 3283 451 3336 ioh
469 3283 542 3336 diese
554 3281 640 3337 Fabel
656 3281 753 3337 darum
764 3282 845 3337 allelu
857 3282 942 3336 schon
953 3321 959 3334 .
969 3323 975 3334 .
987 3323 993 3335 .
1004 3280 1049 3335 fur
1059 3281 1165 3336 indisch
1177 3278 1257 3335 halte'
1272 3281 1300 3334 id
1311 3281 1394 3350 plane

241 3367 309 3422 nibil
326 3367 418 3422 ualere
435 3381 468 3421 ex
486 3367 525 3421 cis
543 3381 613 3434 quae
630 3381 713 3435 supra
731 3366 853 3436 congessi
869 3365 1018 3434 intelleges.

327 3455 353 3518 2)
370 3450 462 3505 Simile
482 3456 524 3504 cst
547 3450 618 3519 quod
641 3450 675 3506 de
692 3449 828 3507 Simonide
846 3450 900 3506 Oeo
923 3450 1099 3505 aDioseuris
1122 3452 1231 3504 seruato
1256 3454 1393 3515 narratur,

242 3538 277 3592 cl.
295 3535 460 3592 Schneider.
474 3534 537 3589 Sim.
551 3552 577 3605 p.
590 3535 654 3589 XIV
664 3551 712 3605 sq„
730 3535 835 3590 Welck.
847 3535 976 3590 Goettsrl.
986 3535 1019 3602 11,
1033 3539 1091 3602 413,
1109 3534 1196 3590 Lehrs
1211 3532 1304 3603 popul.
1314 3533 1393 3588 Auis.

241 3641 267 3694 p.
281 3625 328 3676 199
338 3636 396 3690 sqq.
431 3620 526 3688 Neque
544 3619 718 3676 omittendum
737 3621 809 3690 quod
823 3618 881 3674 Ael.
893 3623 948 3673 nat.
965 3634 1009 3674 an.
1023 3619 1070 3686 XI,
1086 3623 1119 3672 19
1137 3619 1266 3674 animalia
1283 3615 1394 3674 Helices

191 3734 196 3743 .
241 3706 317 3762 urbis
335 3705 427 3760 ruinas
445 3705 627 3775 praesagiunt,
645 3709 726 3775 atque
743 3707 798 3759 nat
814 3719 857 3759 an.
868 3703 914 3771 VI,
931 3709 962 3758 11
982 3709 1010 3760 et
1026 3719 1084 3760 uar.
1096 3704 1157 3760 hist.
1167 3704 1189 3771 Ι,
1202 3708 1230 3759 11
1251 3717 1341 3758 mures
1361 3718 1395 3758 ex

242 3792 321 3846 domo
340 3789 386 3844 oui
402 3790 496 3844 ruinae
513 3789 689 3858 impendeant
705 3790 834 3858 emigrare
852 3788 987 3844 dicuntur.

329 3878 355 3940 ³)
373 3873 486 3943 Scorpio
508 3874 589 3928 etiarn
612 3874 641 3928 in
665 3874 745 3929 simili
769 3874 924 3930 narratione
945 3873 1036 3941 prodit
1061 3873 1126 3928 satis
1153 3877 1263 3928 uetusta
1290 3871 1393 3927 Zenob.

242 3959 342 4024 1111,
366 3972 400 4012 ex
425 3973 479 4027 qua
499 3955 588 4011 ἁίαύε
612 3957 720 4031 πληγείς
743 3960 809 4010 νοῦν
830 3959 898 4011 οἴσει
920 3959 1092 4028 prouerbium
1110 3957 1188 4013 fluxit
1206 3958 1241 4013 ab
1260 3957 1318 4027 ipso
1338 3958 1421 4036 iam⁹

243 4041 377 4110 Sophocle
394 4041 423 4096 in
440 4043 607 4112 Amphiarao
625 4043 658 4099 fr.
671 4047 719 4099 118
737 4041 818 4097 Dind.
837 4047 1005 4114 usurpatum.
