2938 4688
532 347 566 403 de
582 347 675 404 Babrii
692 349 790 404 aetate
865 343 879 368 '
907 409 910 416 ,
1170 343 1229 408 147

82 520 189 588 indem
211 517 282 587 dort
304 518 357 586 die
378 518 510 588 Bosheit
531 520 653 604 gelingt
668 571 675 586 .
692 571 724 586 ..
760 519 852 586 Auch
873 518 916 584 ist
938 518 1004 586 viel
1025 519 1230 603 natdrlicher,

83 621 158 690 dass
179 620 318 691 demand
346 641 400 689 um
431 621 482 689 ein
504 620 603 689 Thier
629 643 675 690 au·
695 620 816 690 straden
832 669 840 688 .
857 669 864 685 .
881 669 888 686 .
903 621 970 686 ihm
998 620 1091 688 einen
1113 621 1231 689 Feuer-

83 722 185 792 brand
206 745 248 790 au
270 723 334 790 den
349 721 504 792 Schwana
528 723 648 806 bindet
671 723 720 790 als
734 722 810 790 dass
825 743 860 790 er
875 721 945 790 dies
960 722 1047 807 thue,
1070 742 1124 792 um
1139 723 1231 792 Saot-

82 827 183 895 felder
204 827 237 892 iu
251 824 360 894 Brund
374 845 412 892 zu
427 817 573 893 steckeu'
593 833 652 894 etc.
689 823 755 893 Sed
770 823 940 892 discrimen
954 824 1045 910 illud,
1061 827 1148 908 qnod
1162 826 1232 912 ipse

82 929 279 1013 Hartnngius
306 928 388 995 inter
409 928 552 996 fabulam
574 927 769 994 Bebrianam
795 934 827 994 et
851 927 1120 995 narratiunculam
1141 928 1232 996 illam

81 1029 245 1098 Iudaicam
271 1028 469 1098 intercedere
492 1030 601 1114 sensit,
625 1033 748 1096 tantum
770 1034 828 1113 est,
853 1037 890 1096 ut
909 1030 1045 1098 alteram
1068 1049 1109 1098 ex
1131 1030 1232 1098 altera

82 1138 186 1200 ortam
208 1152 280 1200 csse
302 1152 366 1198 non
387 1133 611 1216 concederem,
635 1131 763 1200 etiamsi
780 1137 901 1200 certum
923 1137 1143 1217 argumentum
1168 1153 1232 1200 non

81 1234 245 1304 haberem.
282 1232 348 1300 Sed
372 1234 485 1302 habeo.
522 1235 703 1302 Babrianae
725 1233 810 1300 enim
832 1234 960 1304 fabulae
981 1234 1121 1301 narratio
1136 1236 1232 1318 plane

82 1336 211 1421 gemina
232 1342 339 1404 exstat
359 1335 447 1421 apud
469 1335 619 1404 Ouidium
641 1338 712 1403 fast.
728 1337 782 1421 IV,
799 1339 856 1401 681
876 1354 956 1419 sqq,
979 1336 1035 1418 qui
1056 1356 1077 1402 a
1099 1337 1230 1405 Carseo-
1275 1415 1279 1431 ‚
1325 1333 1328 1340 ’

80 1441 156 1507 lano
178 1438 304 1523 hospite
326 1458 398 1506 eam
420 1457 456 1505 se
479 1440 640 1525 accepisse
658 1438 750 1506 'dicit
766 1439 900 1523 'Itaque
918 1437 980 1504 hoe
996 1457 1122 1523 quoque
1138 1458 1231 1525 argu·
1272 1449 1275 1454 ’

81 1546 223 1608 mentum
245 1539 392 1625 concidit,
414 1541 477 1607 nisi
497 1543 633 1610 tortasse
654 1541 806 1608 rusticum
826 1541 919 1606 illum
941 1539 1058 1625 Syrum
1079 1562 1230 1627 persona·

80 1650 149 1710 tum
170 1643 269 1712 fuisse
284 1642 464 1726 Ouidioque
485 1644 585 1711 uerba
599 1640 728 1710 dedisse
741 1647 846 1728 putas.
882 1642 1035 1724 Reliqua:
1049 1639 1117 1712 ‘die
1130 1665 1232 1732 ganne

81 1744 266 1826 Tbierwelt‚
288 1745 351 1812 wie
374 1747 421 1812 sie
443 1765 539 1812 unser
553 1745 687 1813 Dichter
708 1744 767 1812 auf
785 1743 836 1811 die
851 1743 965 1813 Btibne
986 1745 1093 1815 seincr
1106 1746 1232 1815 Fabeln

81 1847 198 1931 bringt‚
220 1848 310 1914 kann
333 1866 406 1914 man
428 1847 461 1914 in
483 1847 599 1932 Syrien
620 1845 850 1915 wiederfinden
865 1898 872 1914 .
889 1899 896 1915 .
914 1840 942 1935 ἶ,
965 1849 993 1914 si
1014 1848 1139 1932 aliquid
1160 1870 1232 1935 pro-

80 1949 168 2033 bant,
191 1948 318 2017 tabulas
340 1947 497 2031 quasdam
517 1948 662 2033 insyria
684 1955 770 2017 ortas
792 1969 864 2016 esse
885 1951 1033 2036 probant,
1054 1949 1113 2018 scd
1135 1972 1176 2020 ne
1197 1950 1232 2019 id

81 2050 222 2136 quidem,
246 2071 317 2119 oum
339 2050 454 2120 eadem
475 2053 542 2119 lere
564 2051 718 2118 animalia
740 2051 836 2118 etiam
859 2051 891 2116 in
904 2052 985 2119 Asia
1006 2052 1128 2120 minore
1150 2052 1231 2121 etin

78 2154 187 2239 Libya
208 2153 345 2221 uiuerint
360 2153 414 2222 uel
429 2157 515 2220 certe
529 2159 684 2221 terrarum
699 2153 826 2220 illamm
841 2153 955 2222 incolis
969 2161 1046 2223 nota
1067 2154 1230 2238 fuerint1).

79 2257 192 2324 Asiam
222 2261 330 2323 autem
358 2256 512 2324 minorem
535 2261 567 2324 et
588 2254 798 2340 cyrenaicam
822 2256 1003 2324 fabularum
1024 2257 1232 2343 plurimarum

78 2359 218 2444 patriam
253 2377 324 2426 esse
357 2364 482 2427 ueteres
515 2357 685 2444 scriptores
719 2357 807 2426 haud
839 2359 934 2444 pauci
964 2359 1092 2429 disertis
1125 2361 1231 2428 uerbis

78 2461 192 2526 testati
213 2466 285 2526 sunt
306 2459 360 2543 (ef.
382 2461 546 2528 Kellerum
567 2460 827 2546 pauo—359),
849 2462 953 2547 ipsam
975 2462 1102 2548 Syriam
1127 2483 1231 2530 nemo.

169 2559 324 2627 Omnibus
352 2561 449 2646 igitur
469 2560 593 2628 Kelleri
620 2562 813 2645 argumentis
841 2582 905 2630 non
927 2561 1085 2647 adducor,
1114 2567 1148 2630 ut
1170 2565 1230 2630 Ba

79 2662 186 2729 brium
214 2662 344 2730 natione
369 2663 485 2749 Syrum
512 2681 585 2730 esse
611 2683 669 2747 pro
700 2669 785 2731 certo
812 2664 950 2732 habeam
972 2665 1025 2733 uel
1047 2684 1105 2749 pro
1135 2664 1233 2732 simili

78 2784 168 2832 uero.
206 2764 320 2847 Neque
342 2764 560 2849 probabiliora
581 2764 659 2831 mihi
680 2763 827 2832 uidentur
842 2787 925 2848 quae
941 2766 983 2834 de
996 2773 1103 2836 aetate
1117 2775 1232 2855 poetae

171 3005 193 3068 1)
211 3001 379 3069 Quamquam
390 2999 483 3055 Keller
500 3000 567 3055 dicit
583 3017 611 3069 p.
622 3003 670 3056 387
682 3004 764 3056 extu:
783 2995 872 3057 ‘hatte
890 3017 919 3057 er
936 3005 1006 3058 etrra
1022 3002 1059 3057 im
1076 3002 1233 3059 westlicheu

79 3085 239 3140 Kleinasien
264 3085 364 3155 gelebt‚
389 3101 420 3141 so
441 3085 533 3141 wbrde
557 3101 608 3142 uns
633 3085 680 3142 der
698 3085 793 3141 Buden
815 3085 860 3140 iur
885 3085 937 3141 den
956 3085 1036 3157 Tiger
1052 3087 1101 3143 wie
1117 3087 1162 3142 fur
1180 3087 1231 3144 den

79 3170 186 3226 maner
203 3170 260 3226 und
277 3170 335 3226 sein
346 3169 444 3226 Kamel
460 3167 556 3226 fehlen’
568 3200 602 3210 -
614 3169 692 3244 quasi
710 3170 743 3224 de
760 3169 852 3227 bestiis
872 3173 899 3226 et
916 3171 1069 3227 hominihus
1086 3171 1233 3242 peregrinis

79 3257 252 3311 narrationes
270 3255 371 3324 fingere
388 3256 433 3310 uel
451 3261 524 3310 certe
541 3255 620 3310 fictas
639 3258 761 3323 repetere
780 3269 835 3310 non
852 3255 980 3324 potuerit,
999 3256 1071 3311 sicut
1083 3257 1232 3314 crocodilos

79 3341 228 3408 pantheras
252 3341 345 3396 leones
368 3341 414 3394 all.
432 3339 572 3396 Phaedrus
592 3339 708 3394 induxit.
744 3338 798 3396 Sed
821 3339 887 3395 dicit
903 3340 995 3396 Keller
1012 3341 1073 3396 adn.
1095 3347 1156 3398 tus:
1174 3339 1233 3399 ‘das

79 3425 226 3480 Praedioat
242 3423 274 3479 τὸ
293 3426 349 3479 πᾶν
366 3430 480 3496 upapam
497 3429 550 3492 (95,
563 3429 604 3490 19)
621 3425 658 3480 ist
674 3424 720 3480 fur
736 3423 785 3480 das
802 3424 1173 3484 insularisoheVorlrommen
1185 3429 1233 3484 des

80 3510 178 3578 Tigers
195 3509 225 3564 in
242 3509 294 3566 deu
308 3503 541 3567 Grenadis‘tricten
559 3509 838 3580 seinerVerbreitung
854 3527 890 3566 au
906 3511 1098 3580 bezeichnend
1115 3513 1156 3568 als
1169 3514 1232 3570 dass

78 3610 145 3650 man
169 3594 246 3650 nicht
268 3595 368 3654 duram
391 3597 441 3653 anf
461 3596 522 3652 ciue
542 3594 682 3652 rrirlrliohe
703 3596 920 3652 Belranntschuit
941 3597 989 3652 des
1006 3597 1038 3650 B.
1060 3595 1109 3652 mit
1132 3597 1233 3652 diesem

81 3679 182 3735 Thiere
200 3679 348 3738 schliessen
365 3687 481 3738 mdeste:
500 3681 726 3738 wahrscheinlieh
742 3683 791 3738 hut
805 3697 869 3738 mun
881 3697 918 3738 an
929 3681 981 3737 den
993 3681 1023 3736 in
1035 3680 1083 3737 der
1095 3680 1231 3736 uumittel·

80 3765 167 3821 baren
185 3763 404 3821 Nachbarschaft
420 3767 529 3837 Syriens
552 3767 692 3836 gemeinen
716 3767 926 3838 babylonischen
943 3765 1025 3833 Tiger
1048 3782 1083 3820 au
1103 3762 1232 3820 denken’.

81 3849 137 3904 Sed
148 3849 282 3918 quomodo
294 3850 388 3919 uolpes
400 3850 522 3920 tigridem
534 3851 730 3920 uituperare
740 3851 831 3920 potuit
842 3853 956 3920 propter
967 3849 1125 3905 raritatem?
1150 3849 1232 3908 Prae·

80 3941 157 3988 terea
180 3933 249 3989 haec
273 3934 348 3990 notio
370 3935 477 3990 omnino
502 3950 556 3990 non
577 3934 649 3990 inest
669 3935 698 3990 in
715 3941 840 4005 ἐρημαῖοι
857 3935 958 4012 uerbo,
980 3934 1053 4004 quod
1070 3947 1176 4004 semper
1193 3940 1234 3992 est

91 4014 173 4073 solus'
196 4018 241 4072 uel
260 4013 424 4087 ‘soliuagns’z
442 4025 553 4089 propter
570 4020 652 4075 animi
670 4019 751 4088 igitur
768 4020 942 4090 asperitatem
958 4019 1035 4089 tigris
1053 4019 1233 4090 uituperatur,

29 4147 33 4159 .
80 4101 153 4158 siout
171 4101 206 4158 sd
224 4103 343 4158 animum
361 4106 442 4161 etiam
458 4101 570 4170 ἀλαζὼν
587 4110 614 4161 et
632 4110 723 4161 cetera
740 4105 830 4161 omnia
847 4109 979 4175 spectant
