2934 4690
518 271 551 327 de
568 270 662 326 Bahrh
679 275 777 326 aetate.
1163 265 1222 327 195

81 440 137 528 γὰρ
160 443 214 510 all.
237 442 411 527 particulas
426 442 513 528 apud
529 463 585 510 eos
602 441 875 524 frequentissimas
891 442 1020 526 (Struve
1036 465 1066 529 p.
1087 447 1123 507 19
1139 439 1224 526 sqq.)

80 563 137 610 non
164 543 306 611 admittit
332 543 365 610 in
393 545 515 611 exitum
542 564 583 610 ex
605 549 779 628 praecepto
802 543 948 610 omnibus
971 544 1223 628 choliamhogra-

80 645 147 729 phis
178 651 209 712 et
232 645 364 712 Graecis
393 652 425 713 et
447 645 571 712 Latinis
599 644 758 712 communi
783 646 1009 712 uocabulomm
1031 646 1222 732 monosylla-

80 747 187 814 borum
208 747 242 813 in
265 767 374 815 uersus
396 747 458 815 fine
482 745 683 814 uitandorum
697 745 728 830 ¹).
765 746 877 828 Itaque
894 746 975 814 haec
990 766 1116 830 quoque
1131 746 1223 814 metri

80 848 228 914 Babriani
246 850 423 935 proprietas
442 856 477 914 ut
499 847 531 913 in
552 854 677 934 tempus
700 867 796 930 quam
817 847 1025 932 npuissimum
1047 869 1119 916 eum
1142 848 1222 917 refe·

80 970 182 1017 ramus
204 950 324 1018 diserte
346 950 461 1019 suadet
470 950 509 1036 2).'
581 995 583 999 -

79 1149 140 1188 anas
158 1135 280 1204 repetiit,
306 1151 368 1190 cnm
384 1135 413 1189 in
431 1135 555 1191 uersibus
573 1135 631 1189 eius
649 1131 706 1190 fere
725 1137 756 1188 lt
774 1135 884 1189 ultimae
901 1135 999 1199 breues
1017 1139 1032 1188 2
1050 1135 1224 1190 inueniantur

80 1225 182 1290 1τίχρτν,
200 1216 293 1291 αἰγός).
320 1219 390 1273 Nam
408 1219 443 1274 ad
455 1219 649 1276 callimachum
666 1219 757 1288 potius
769 1219 937 1274 referendum
950 1218 1058 1273 uidetur
1072 1219 1129 1276 fr.8
1142 1221 1223 1287 Ebu,

78 1303 155 1371 inque
172 1304 266 1371 primis
283 1303 318 1358 fr.
336 1309 365 1358 12
381 1320 421 1373 sq.
440 1303 612 1370 (Schneider,
637 1304 669 1358 fr.
687 1319 767 1359 anon.
787 1307 830 1370 63)
848 1309 959 1374 propter
976 1319 1071 1358 uocem
1089 1301 1224 1359 πελιδνο-

79 1388 166 1455 6εῖσα,
184 1389 276 1458 qualia
293 1390 322 1444 in
338 1388 438 1445 fabulis
456 1405 516 1444 non·
528 1389 686 1444 tribuuntur
701 1389 874 1456 ammalihus3
895 1393 991 1445 contra
1008 1388 1140 1444 accedent
1155 1404 1222 1444 non-

78 1473 149 1526 nulla
167 1489 199 1528 ex
219 1474 405 1529 Callimacheis
422 1474 563 1544 anonymis
577 1474 734 1530 Schneideri
751 1480 778 1530 et
794 1474 950 1543 exBerghii
963 1475 1065 1529 anthol.
1076 1476 1126 1544 lyr.
1135 1491 1161 1542 p.
1171 1474 1223 1528 XX

80 1574 114 1626 sq.
132 1562 159 1613 et
181 1564 226 1614 113
245 1575 303 1628 sqq.
339 1559 520 1614 Probabiliter
537 1563 628 1614 autem
645 1560 836 1614 Lachmannua
855 1576 881 1629 p.
892 1559 956 1613 VIII
973 1559 1007 1613 ad
1025 1560 1097 1614 hunc
1114 1565 1223 1630 poetam

78 1644 178 1698 rettulit
190 1660 309 1714 prooem.
320 1644 353 1708 ll,
365 1648 379 1698 9
390 1659 447 1713 sqq.
465 1637 515 1696 ὑπ’
531 1645 595 1712 ἐμοῦ
609 1639 639 1695 δὲ
652 1644 763 1716 πρώτου
778 1645 824 1711 τῆς
835 1639 923 1717 θὺρης
933 1641 1104 1710 ἀνοιχθείσης
1116 1648 1124 1712 ΙΙ
1138 1644 1223 1712 εἰσῆλ-

80 1729 131 1782 θον
144 1727 218 1782 ἄλλοι
231 1733 277 1781 καί
289 1733 444 1799 σοφωτέρης
458 1728 515 1792 (uhi
526 1729 635 1783 inutiles
648 1731 825 1794 coniecturae,
844 1744 907 1783 nam
922 1729 1061 1797 aptissIma
1074 1734 1116 1784 est
1126 1729 1222 1795 Ironia)

78 1809 172 1880 μούσης
184 1815 194 1883 H
205 1821 312 1887 γρίφοις
328 1809 423 1882 ὁμοίας
439 1817 582 1885 ἐκφέρουσι
600 1813 726 1880 ποιήσεις,
743 1812 883 1884 μαθόντες
900 1810 980 1866 οὐδὲν
996 1811 1090 1866 πλοῖον
1106 1810 1123 1881 ἢ
1140 1835 1222 1887 yaycr-

79 1905 176 1952 νίσκειν
194 1903 276 1965 (corr.
294 1900 421 1967 Burgess.
439 1898 503 1952 Rev.
522 1898 555 1952 de
573 1898 642 1953 Phil.
655 1917 681 1968 p.
695 1904 744 1955 466
763 1901 790 1953 et
807 1901 903 1966 postca
921 1898 1052 1964 Nauck.):
1076 1904 1148 1954 certe
1166 1904 1222 1955 tam

80 1990 200 2039 accurate
223 1983 353 2039 Babrium
376 1984 422 2038 ille
447 1984 582 2054 sequitur,
606 1979 703 2052 ‘paene
728 1988 759 2038 ut
785 1983 904 2051 singulos
931 1999 1027 2038 uersus
1050 1983 1108 2038 eius
1133 1985 1221 2052 expri-
1310 2041 1313 2048 ,

79 2065 139 2122 mat‘
158 2069 269 2134 (Eberh.
283 2085 310 2138 p.
329 2073 378 2135 at).
415 2069 493 2138 Quod
511 2073 696 2140 opposuerunt
712 2068 812 2122 Renier
829 2068 847 2122 l.
857 2084 878 2122 s.
888 2083 910 2122 s.
921 2084 947 2136 p.
958 2072 1006 2123 359
1025 2070 1053 2122 et
1064 2068 1223 2140 Bernhardy

79 2152 144 2206 Hall.
161 2155 214 2209 Lit.
233 2155 291 2222 Ztgv
315 2157 377 2206 1845
397 2171 422 2222 p.
442 2157 506 2220 863,
531 2169 627 2208 uersus
650 2153 711 2208 illos
735 2169 789 2207 non
810 2169 869 2209 esse
892 2149 1053 2228 γριφώδης,
1077 2153 1153 2206 nihili
1171 2159 1220 2220 est,

79 2253 135 2290 nam
153 2243 179 2291 et
196 2253 273 2293 raras
291 2253 374 2293 uoces
392 2238 520 2306 plurimas
540 2239 678 2294 contiuent
696 2243 719 2303 (l
734 2233 815 2306 ἀήτης
827 2243 934 2306 uentus,
953 2245 967 2291 4
982 2235 1078 2290 αἴσυλα
1089 2238 1220 2308 improba,

80 2327 92 2374 5
109 2320 173 2390 δύην
190 2323 295 2390 uitium,
314 2327 329 2378 6
349 2321 387 2376 tle
403 2323 454 2389 leo,
475 2328 505 2377 10
524 2323 625 2389 αἴθων,
646 2328 673 2378 et
690 2319 738 2377 dds
753 2325 788 2379 ab
800 2321 919 2391 ἁνδάνει),
940 2329 968 2378 11
984 2321 1221 2394 κομᾶςεέίαφος,

78 2403 221 2472 tardavero
232 2435 264 2454 =
274 2403 425 2480 ἀρρώστου,
447 2413 475 2461 tl
494 2414 675 2478 μεταχρονίην
684 2435 717 2454 =
725 2413 873 2479 μετέωρον,
897 2411 926 2462 18
943 2405 1049 2474 κεάσθη
1058 2436 1093 2456 ==
1102 2407 1176 2480 ίάμη)
1195 2417 1222 2464 et

78 2499 185 2547 metrum
201 2493 360 2562 griphorum
379 2493 506 2547 sollemne
519 2494 681 2563 dactylicum
693 2496 748 2560 est;
768 2493 803 2546 ad
814 2493 874 2560 ipsa
891 2498 1087 2560 argumenta
1105 2493 1222 2549 obscura

80 2594 124 2630 cnr
134 2578 226 2633 Babrii
242 2578 289 2632 illa
307 2594 369 2633 cum
380 2577 498 2633 Reniero
512 2579 639 2648 Drogano
658 2595 684 2647 p.
694 2582 726 2632 24
744 2577 805 2631 aliis
820 2577 968 2630 referamus
986 2576 1061 2630 nulla
1076 2583 1117 2631 est
1129 2594 1220 2648 causa,

78 2661 152 2716 immo
171 2662 310 2718 dissuadet
328 2658 565 2736 λευκῇ..,ῥήσετ
583 2679 608 2716 u.
627 2667 655 2716 13
675 2663 836 2732 oppositum.

160 2753 183 2814 t)
201 2749 284 2817 Apud
296 2748 414 2802 Graecos
424 2763 507 2802 unum
516 2747 608 2801 iuueni
620 2747 770 2816 exemplum
781 2747 915 2800 Incertum
927 2749 1000 2812 (nam
1013 2743 1100 2801 exitus
1113 2747 1221 2802 mutila·

77 2836 118 2887 tus
132 2834 210 2887 etiarn
223 2829 268 2900 ἠδ’
281 2831 378 2886 ἱππεύς
390 2832 480 2888 uerbis
494 2833 644 2902 suppletur)
658 2832 784 2902 anonymi
793 2849 819 2900 p.
834 2837 880 2886 173
897 2847 921 2885 u.
935 2835 963 2884 ll
982 2829 1079 2885 ἱππεύς
1093 2849 1131 2898 τε,
1150 2832 1222 2901 quod

77 2918 165 2972 enchsi
176 2935 225 2988 pro
238 2933 291 2973 uno
305 2917 389 2972 uerbo
403 2921 456 2986 est3
469 2916 554 2971 simile
565 2917 646 2971 Babr.
657 2924 698 2981 50,
709 2921 741 2970 2¹0
754 2912 814 2969 οὐδ’
826 2913 861 2969 ὅν
872 2931 912 2968 τις
923 2914 951 2970 in
964 2915 1109 2984 epimythio
1124 2915 1221 2984 legilur

77 3002 243 3072 interpolato.
280 3002 381 3056 Contra
403 3001 432 3055 in
453 3000 547 3055 Babrii
568 3002 707 3070 personati
724 3003 824 3073 sylloge
842 3001 928 3054 altera
945 2998 998 3053 duo
1016 2999 1084 3053 haec
1101 3000 1220 3066 reperies

77 3087 205 3156 exempla,
216 3086 297 3155 plane
318 3085 426 3140 diuersa
452 3091 545 3152 13,18
571 3088 595 3138 εί
616 3089 674 3152 ζῶν
692 3091 781 3154 (quam
801 3086 949 3140 clausulam
967 3083 1099 3151 Bergkius
1117 3085 1220 3139 anthol.

77 3187 100 3238 p.
117 3171 233 3225 XXXIX
257 3171 302 3225 uel
325 3170 386 3224 ideo
410 3170 509 3224 iniuria
526 3170 623 3225 tribuit
639 3171 749 3236 Babrio)
768 3175 795 3224 et
813 3175 858 3234 15,
874 3173 889 3223 8
907 3165 1022 3238 apertiore
1039 3167 1105 3221 σῶν.
1140 3169 1222 3238 Apud

77 3256 184 3311 Latinos
202 3256 311 3324 saepius
328 3255 504 3310 inueniuntur
512 3249 575 3310 ‘est'
587 3251 667 3310 ‘sum'
679 3249 774 3319 ‘sunt’,
792 3252 875 3308 semel
886 3249 919 3308 ‘si
931 3247 1011 3321 quis’,
1031 3267 1099 3321 quae
1117 3257 1144 3306 et
1161 3254 1221 3322 ipsa

77 3345 123 3395 aut
142 3341 235 3398 enclisi
258 3343 306 3394 aut
327 3339 421 3394 enclisi
445 3344 473 3395 et
493 3340 737 3410 synaloepharum
754 3338 889 3393 uocabulo
908 3337 1092 3407 monosyllabo
1112 3341 1220 3394 antece-

78 3426 152 3480 dente
169 3426 382 3492 coniunguntur:
403 3426 574 3480 accuratiora
591 3424 711 3478 inuenies
730 3437 814 3492 supra
831 3439 857 3490 p.
872 3428 926 3478 166.
952 3421 1039 3478 Veriti
1057 3423 1220 3477 esseuiden·

76 3515 118 3565 tur
133 3516 228 3580 poetae
246 3509 370 3563 ultimum
387 3509 483 3578 pedem
499 3510 558 3579 ipso
581 3508 699 3580 spondeo
713 3507 792 3562 ulmis
805 3512 948 3576 grauatum
963 3507 1053 3562 uerbis
1068 3505 1219 3563 dirimendis

77 3596 153 3650 etiam
169 3594 367 3664 impeditiorem
385 3594 502 3649 reddere.

156 3685 181 3746 ll
194 3678 425 3734 Praetereundum
437 3695 491 3732 non
501 3677 609 3732 uidetur
617 3677 689 3747 quod
698 3677 831 3732 Aristides
842 3677 1021 3746 Quintilianus
1032 3674 1096 3728 dicit
1105 3690 1130 3742 p.
1142 3675 1219 3730 5311.

79 3764 227 3834 (Hephaest.
242 3764 274 3818 G.
290 3779 318 3832 p.
337 3767 407 3827 186);
431 3760 537 3828 δέχεται
554 3759 585 3814 δὲ
602 3766 725 3825 (metrum
742 3761 896 3828 iambicum)
915 3764 960 3813 ίττί
977 3757 1098 3824 τελευτῆς
1116 3760 1146 3810 ἐν
1164 3765 1220 3814 τοῖς

77 3844 264 3917 oneraremus
290 3851 336 3901 καὶ
362 3848 516 3919 πορῥίχιον·
544 3843 738 3900 σπονδεῖον
765 3843 814 3912 δὲ,
851 3839 907 3898 ὅτε
932 3841 971 3896 τὸ
997 3837 1218 3911 καλούμενον

77 3932 178 3997 χωλὸν
204 3939 358 4006 γίνεται·
387 3934 417 3984 ίν
441 3929 471 3984 δὲ
494 3935 549 3984 τοῖς
571 3928 773 3996 καταίηκτικοῖς
793 3921 1001 4000 ἆμφίβραχννόἢ
1017 3930 1145 3995 βακχεῖον
1162 3926 1219 3981 κτλ.

77 4019 124 4074 Sed
141 4019 312 4086 trochaeum,
332 4032 410 4086 quem
427 4017 510 4072 hahet
527 4015 692 4086 Hephaestio
710 4032 737 4085 p.
753 4019 783 4070 18
797 4013 840 4069 W.
859 4017 902 4080 (30
919 4013 963 4079 G.)
983 4011 1124 4082 ceterique,
1146 4013 1220 4068 haud
