2934 4690
530 313 563 368 de
580 312 673 368 Bubrii
692 316 790 368 aetate.
1156 311 1228 375 -209

91 475 152 550 bns'
176 485 278 566 inquit
297 480 369 552 ‘sed
388 484 515 552 interim
538 483 623 567 quod
645 485 744 552 littori
765 486 1024 570 approximamus
1047 478 1226 570 eogitabo'3

92 587 184 652 subito
206 593 313 653 autem
336 607 354 652 e
376 585 452 652 naui
473 585 581 653 exsilit
603 590 636 652 et
657 586 690 651 in
711 587 795 652 sieeo
825 585 1013 652 eonstitutus
1036 587 1096 654 ait:
1123 581 1226 668 ‘quid-

91 686 156 768 quid
178 687 254 754 boni
282 687 318 754 fit
348 707 499 772 peruerse
528 685 688 770 perditum
718 692 766 754 est
795 707 835 754 ex
863 680 1012 772 integro².
1057 687 1228 754 Simillima

91 793 185 854 autem
207 789 349 856 omnium
371 796 420 855 est
441 789 551 854 fabula
573 787 717 854 Boisson.
741 787 861 856 Aneed.
877 788 930 871 lV,
948 792 987 854 79
1009 787 1174 872 (Barlaam
1196 794 1228 856 et

91 888 246 974 Josaphat)
268 920 311 942 =
333 890 433 956 Gesta
455 892 545 956 Rom.
566 893 629 954 167
654 891 696 955 ab
725 891 846 957 oriente
875 889 904 956 si
925 888 1054 957 Benfeio
1076 891 1226 956 Pantsoh.

90 1010 114 1073 p.
128 993 185 1056 380
207 991 366 1058 eredimus
381 991 533 1076 profeeta.
567 990 605 1055 In
620 1008 684 1072 qua
700 989 769 1056 auis
788 997 884 1075 oapta
905 1012 926 1056 a
947 991 1105 1058 uiscatore
1127 991 1227 1057 uitam

89 1089 203 1157 redimit
219 1091 320 1158 tribus
335 1092 387 1158 his
402 1091 568 1159 sententiis
580 1089 620 1174 1):
648 1090 818 1178 μηδέποτέ
839 1115 930 1167 τινος
951 1094 1018 1157 νιῦν
1041 1083 1226 1178 ἆνειγίκνινν

90 1188 287 1280 ἐπιχειρήσῃς
309 1191 501 1280 ἐφικέσθαι,
528 1194 583 1258 καὶ
605 1190 650 1280 μὴ
673 1193 859 1275 pauperos
875 1190 934 1257 ἐπὶ
948 1191 1122 1279 πράγματι
1137 1219 1226 1281 νεαρ-

89 1291 226 1373 εἴθόντι,
263 1296 319 1359 καὶ
353 1289 497 1360 blneator
531 1295 619 1382 ῥῆμα
648 1291 789 1360 πώποτε
817 1292 861 1381 μὴ
891 1292 1087 1381 πιστεύσῃς;
1122 1298 1227 1363 soluta

18 1394 22 1421 ¹
89 1399 181 1460 auum
202 1395 365 1462 hominem
387 1404 423 1463 ut
444 1402 543 1464 tentet
563 1397 597 1462 in
619 1395 795 1463 uisceribus
817 1398 882 1464 suis
904 1397 1110 1515 margaritam
1125 1399 1226 1464 latere

89 1491 190 1560 dielt‘
142 1501 399 1583 touope'xovoon
421 1523 467 1582 τῳ
456 1501 625 1582 μεγέθει
641 1490 976 1585 στρουθοκαμήλον
954 1493 1019 1562 ωόν
1028 1505 1156 1583 ,atque
1171 1499 1226 1567 ille

88 1596 133 1662 ubr
145 1598 231 1682 luge
246 1605 277 1666 et
292 1599 421 1666 domum
436 1619 528 1666 suam
543 1619 615 1666 eam
633 1594 785 1683 inuitat,‘
790 1602 845 1665 νῦν
862 1589 974 1684 ἴγνων
998 1595 1131 1682 inquit‘
1136 1599 1226 1680 ἰσχι-
1283 1637 1291 1650 ·

88 1699 143 1781 ρῶς
164 1689 372 1786 ἇνοηταινειν
395 1723 433 1765 σε
470 1701 537 1765 κτλ.

159 1817 228 1882 Iam
250 1817 338 1901 apud
360 1818 512 1884 Babrium
534 1819 677 1900 sequitur
698 1839 728 1884 u.
745 1825 763 1882 5
780 1837 867 1900 sqq.:

226 1931 245 2020 ἣ
271 1927 302 1998 d'
326 1930 417 2000 ‘alde
438 1939 497 2017 μέν
519 1959 578 2017 μοι
601 1938 719 2021 apedno
741 1932 785 2021 μὴ
810 1933 1035 2022 σννηννήκεις·

228 2033 346 2101 ἴνιειτα
369 2028 401 2100 δ’
428 2035 503 2102 εἴθε
525 2034 651 2124 τυφλὸς
673 2025 718 2101 εἴν
742 2031 955 2124 ὗνιιγνιήκεις·

226 2143 337 2224 τρίτον
361 2131 392 2202 d'
420 2130 475 2202 ἐπ’
502 2130 614 2214 αὐτοῖς
637 2137 713 2203 εἴθε
733 2135 778 2225 μὴ
804 2129 874 2223 σύγ’
901 2135 949 2213 εἰς
971 2128 1060 2222 εἴρας

226 2229 917 2327 ΜΜΜΜΜΜὼΜΜΜψΪ

82 2357 143 2423 Hae
165 2378 228 2424 non
243 2363 328 2429 :sunt
355 2358 531 2424 sententiae
559 2377 655 2424 uerae
677 2357 774 2423 -id
803 2358 889 2442 quod
917 2379 998 2427 unus
1020 2347 1224 2424 Eberhard'us

83 2458 141 2524 obs.
156 2481 186 2544 p.
207 2464 241 2522 11
267 2465 354 2525 reete
372 2465 480 2525 monet
500 2496 551 2542 -‚
574 2458 671 2523 immo
693 2463 769 2524 uota
791 2464 823 2525 et
845 2461 1090 2527 exsecrationes.
1128 2459 1223 2523 Prae-

16 2645 18 2654 Ι
82 2565 161 2627 terea
182 2561 299 2627 mirum
321 2565 369 2626 est
392 2559 477 2644 quod
499 2560 588 2645 nolpi
609 2559 685 2640 qnid
706 2559 823 2625 fautum
850 2561 892 2627 sit
920 2559 1048 2628 omnino
1077 2579 1140 2626 non
1168 2558 1224 2624 do·

16 2695 18 2720 ι
82 2680 196 2727 remur:
227 2681 326 2742 quare
354 2661 442 2728 haud
468 2661 584 2727 iniuria
610 2662 846 2729 liebertus.
870 2665 979 2747 p.429
1007 2661 1151 2728 fabulam
1170 2654 1224 2726 ‘ne

16 2807 17 2832 ι
64 2762 189 2837 ,ειίεειιι
212 2762 343 2845 quidem
364 2764 441 2828 salis
462 2755 596 2829 habere'
625 2763 716 2828 dixit.
760 2764 873 2845 Itaque
901 2764 995 2830 huius
1024 2781 1150 2845 quoque
1178 2762 1223 2827 fa-

16 2871 17 2874 ’
82 2863 179 2931 bellae
206 2865 371 2950 exemplar
399 2862 589 2939 dissolutum
618 2871 651 2932 et
677 2864 857 2930 mutilatum
886 2863 1071 2931 adhibuisse
1098 2861 1225 2929 uidetur

81 2972 169 3047 poeta
178 2965 214 3049 2),
237 2967 271 3032 in
293 2986 357 3050 qua
372 2963 531 3034 'nonnulla
546 2987 629 3049 quae
644 2966 687 3032 ad
702 2973 921 3050 argumentum
937 2973 1023 3032 reete
1036 2964 1223 3047 intellegen-

160 3205 184 3265 1)
201 3199 245 3253 De
256 3199 452 3253 sententiarum
464 3198 492 3252 iu
503 3199 610 3253 fabellis
622 3199 798 3254 orientalibus
810 3197 951 3254 nobilitate
960 3196 995 3250 ol.
1006 3195 1083 3252 Beni.
1095 3197 1223 3254 Puntsoh.

81 3283 120 3352 15
137 3290 180 3338 111
198 3301 225 3354 p.
235 3289 285 3339 320
303 3286 474 3352 (quamquam
497 3283 595 3337 nimius
615 3283 722 3338 uidetur
740 3281 832 3337 uerbis
848 3277 938 3336 ‘Diese
954 3281 1113 3348 Euathlung
1129 3284 1225 3351 gehon

81 3367 105 3422 in
121 3369 171 3424 den
182 3368 262 3424 Krois
281 3368 329 3422 der
345 3367 432 3423 uielen
449 3367 673 3423 uahrseheinlioh
691 3368 826 3423 allsammt
837 3381 886 3420 aus
899 3365 959 3428 dem
972 3366 1066 3422 Orient
1078 3369 1222 3426 stammen-

82 3451 136 3520 den,
152 3454 180 3508 in
198 3454 284 3509 denen
302 3452 350 3507 der
366 3451 439 3506 hohe
455 3451 553 3507 Werth
576 3467 629 3507 von
645 3451 845 3522 Lebensregeln
865 3450 922 3506 und
939 3450 1082 3521 Spruohen
1099 3451 1222 3507 verherr-

81 3535 141 3592 lieht
156 3533 252 3602 wird’).

25 3619 29 3624 '
159 3626 184 3688 1)
201 3621 300 3676 Similis
324 3625 366 3677 est
388 3621 510 3676 condicio
528 3622 682 3677 fabularum
700 3625 740 3675 33.
759 3625 799 3676 44.
819 3626 861 3676 93.
883 3625 938 3676 143.
959 3624 1006 3674 153
1026 3624 1075 3673 etc.
1110 3618 1222 3676 Nullum

83 3707 163 3760 exstet
179 3705 317 3771 indicium,
336 3722 386 3762 eur
402 3707 473 3761 hano
491 3706 612 3763 fabulam
629 3704 829 3761 adiasoeuasta
841 3710 997 3774 corruptam
1009 3717 1068 3758 esse
1079 3707 1221 3771 putemus3

83 3787 188 3844 formam
206 3790 324 3845 Athoam
341 3791 539 3861 paraphrastes
557 3795 585 3846 et
602 3790 765 3846 Bodleianus
781 3789 801 3844 f.
814 3796 844 3845 31
865 3796 892 3846 et
909 3788 1050 3844 Parisinus
1063 3785 1123 3840 Gor.
1134 3804 1159 3856 p.
1171 3791 1220 3840 319

83 3871 183 3942 habent,
201 3878 283 3944 atque
299 3875 397 3930 leniter
413 3879 544 3930 mutatum
561 3877 706 3945 peulloque
722 3875 751 3928 in
767 3873 821 3928 fine
841 3870 989 3943 pleniorem
1006 3870 1144 3924 fabulator
1161 3871 1220 3925 Au-

83 3962 203 4024 gustanus
222 3957 249 4013 S.
266 3963 313 4013 156
328 3985 363 4004 =
379 3959 413 4013 H.
427 3963 475 4012 211
495 3956 582 4025 (tenos
599 3963 643 4012 καὶ
661 3955 797 4024 παιδίον),
822 3957 869 4027 qui
885 3956 1041 4025 plerumque
1058 3968 1113 4008 non
1129 3953 1221 4010 hausit

84 4042 213 4100 eBabrio.
247 4043 412 4101 Babriunom
434 4057 493 4099 esse
516 4042 637 4100 fabulam
660 4049 689 4098 et
706 4058 802 4098 uersus
820 4044 935 4110 arguunt
952 4040 1026 4095 omni
1043 4052 1154 4096 numero
1171 4040 1219 4096 ab·
