2934 4690
256 321 317 384 190
735 322 798 378 Otto
817 321 928 376 Orosius

255 495 463 582 proprium
498 514 696 577 nunquam
729 494 913 561 inueniri
945 492 1051 576 apud
1080 492 1273 576 Graecos,
1308 499 1400 577 atque

255 617 297 664 ne
319 596 425 664 simile
447 597 577 680 quidem
600 596 742 665 eiusdem
764 595 872 680 stirpis
894 599 949 662 aut
971 593 1059 678 apud
1077 594 1215 661 Graecos
1228 593 1252 676 ¹)
1276 601 1401 664 exstare

256 705 311 766 aut
341 699 427 784 apud
457 706 578 767 ceteros
605 698 882 781 indogermanicos
911 717 990 780 quos
1023 697 1319 781 docentpopulos,
1352 697 1400 780 qui

255 807 397 868 ueterem
420 801 510 867 illam
532 801 695 867 nominum
710 820 751 866 ex
766 800 890 867 duobus
913 798 1078 867 elementis
1096 796 1317 882 fingendorum
1332 819 1401 866 oon·

256 902 522 978 suetudinem-
541 893 879 986 ‘Vollnamensystcm
914 921 1009 984 quam
1038 899 1169 965 Fickius
1197 901 1342 968 nominat
1366 937 1400 948 -

256 1010 479 1072 seruauerunt:
495 1004 533 1070 of.
545 1004 651 1070 Fickii
666 1002 783 1070 librum
795 998 862 1069 ‘die
877 1002 1099 1088 griechischen
1114 995 1396 1069 Personennamen'

255 1106 452 1190 inscriptum.
497 1105 615 1172 Contra
645 1105 750 1190 apud
780 1107 956 1192 populos
984 1102 1172 1186 Italicos,
1206 1103 1261 1184 qui
1282 1103 1400 1170 ratione

256 1209 352 1292 plane
375 1227 459 1274 noua
481 1207 611 1274 nomina
632 1206 791 1272 finxerunt
813 1207 971 1293 simplicia
991 1211 1024 1272 et
1039 1223 1121 1286 quae
1136 1204 1179 1271 ad
1194 1205 1335 1289 speciem
1351 1204 1400 1271 ho·

258 1309 377 1374 minum
395 1307 677 1390 condicionemque
693 1312 874 1393 spectarent
889 1306 1008 1390 (Fickii
1021 1299 1400 1393 ‘Spitznamensystem'),

256 1412 388 1496 ipsum
411 1409 586 1476 Babrius
608 1430 751 1477 nomen
773 1411 863 1496 plus
885 1410 1009 1476 semel
1032 1408 1243 1476 inuenitur
1265 1407 1400 1474 maxime

256 1513 290 1578 in
309 1511 453 1599 lapidum
469 1511 736 1597 inscriptionibus.
761 1511 1003 1578 Vetustissimos
1017 1511 1145 1578 uidetur
1159 1511 1268 1578 titulus
1280 1511 1399 1577 Umbri-

257 1634 313 1681 eus
336 1615 424 1680 Aufr.
448 1618 480 1678 et
501 1613 632 1680 Kirohh.
656 1634 686 1698 p.
709 1616 771 1679 389
783 1631 830 1694 sq.
853 1611 1164 1678 NER·T·BABR·
1182 1611 1193 1698 ΙΙ
1209 1611 1398 1679 MARONA-

258 1717 339 1783 TEI.
383 1715 474 1783 Idem
503 1715 640 1782 Babrius
670 1716 723 1782 uel
753 1719 907 1798 cognatus
936 1713 1004 1780 cius
1035 1714 1216 1780 nominatur
1248 1716 1281 1780 in
1313 1715 1399 1780 titulo

258 1819 367 1901 lingua
388 1817 504 1883 Latina
524 1818 703 1902 conscripto
725 1817 759 1882 O.
775 1818 800 1882 Ι.
816 1817 852 1881 L.
868 1817 893 1899 l,
912 1815 1399 1882 1412NER·BABR1V8·T·F

257 1921 340 1987 inter
361 1940 418 1987 sex
441 1919 527 1986 uiros
549 1920 742 2003 Asisinates,
774 1919 829 2001 qui
853 1912 990 1984 ‘murum
1017 1917 1058 1983 ab
1081 1917 1201 1984 fornice
1222 1918 1265 1984 ad
1288 1918 1398 1984 circum

258 2029 291 2088 ct
312 2023 465 2089 fornicem
488 2020 722 2104 cisternamque
745 2071 801 2086 ...
823 2018 1008 2086 faciundum
1030 2011 1221 2087 coirauere'.
1260 2018 1397 2102 Sequun-

257 2128 308 2189 tur
329 2124 435 2190 iiberti
457 2122 520 2190 duo
545 2123 579 2190 O.
595 2124 619 2188 I.
636 2125 671 2189 L.
692 2124 717 2206 I,
736 2125 797 2186 566
820 2121 1395 2190 P·BABRIVS·L·L·et...BA-

258 2225 527 2290 BRIVS·L·L·.
572 2223 706 2289 Accedit
727 2224 837 2289 titulus
861 2223 948 2290 Grut.
973 2245 1056 2310 corp.
1080 2247 1110 2310 p.
1134 2225 1318 2292 DGLXXII
1340 2225 1397 2288 nt

259 2325 323 2392 iam
343 2325 525 2393 aKnochic
548 2326 725 2410 exscriptus
742 2324 1044 2392 denum-RVFI
1060 2324 1071 2410 ΙΙ
1089 2326 1279 2392 VIX·ANN
1295 2324 1306 2410 d
1322 2325 1380 2389 XX
1391 2322 1398 2406 ii

259 2429 418 2495 BABRIA
430 2443 437 2458 ·
450 2427 583 2494 PRIMA
600 2425 611 2512 ΙΙ
630 2477 636 2494 .
655 2479 661 2494 .
679 2477 686 2492 .
707 2427 799 2494 Β·Μ
812 2427 858 2492 'F
874 2426 897 2508 Η.
943 2428 1133 2495 Coniectura
1158 2427 1294 2495 fortasse
1315 2425 1398 2493 resti·

259 2635 337 2702 βρίαυ
359 2629 525 2698 μαθιαμβαι)
542 2645 589 2685 eos
607 2629 705 2696 legisse
723 2628 782 2682 ueri
799 2629 835 2683 sit
852 2629 944 2684 simile.
980 2629 1133 2684 Discrimen
1150 2629 1217 2684 facit
1235 2630 1307 2698 quod
1325 2627 1398 2682 Auia-

259 2731 324 2781 nus,
348 2715 395 2780 qui
418 2727 465 2767 sex
490 2715 533 2768 uel
550 2719 652 2783 septem
671 2713 786 2767 saeculis
805 2716 944 2788 uetustior
956 2718 999 2770 est
1016 2720 1042 2768 et
1060 2730 1094 2769 ex
1112 2714 1220 2770 Titiano
1243 2730 1293 2769 sua
1310 2712 1398 2775 hausit,

259 2800 288 2854 in
305 2798 474 2868 praefatione
491 2815 517 2867 p.
533 2803 558 2862 4,
578 2803 605 2851 lt
625 2796 673 2852 Fr.
691 2798 819 2853 Rubrius
836 2799 924 2854 forma
941 2799 1036 2854 utitur.

348 2887 371 2948 1)
389 2879 484 2950 Βάβης
502 2884 574 2937 serui
592 2898 701 2950 nomen,
725 2888 843 2949 Βαβίαε,
867 2889 994 2951 Raptor,
1013 2884 1080 2951 alia,
1104 2899 1173 2952 quae
1191 2881 1398 2938 Schneidewinus

260 2967 364 3038 profert
375 2968 391 3021 l.
402 2982 423 3021 s.
435 2983 456 3020 s.
474 2987 490 3038 ρ
506 2966 625 3020 litteram
642 2983 697 3022 non
715 2967 823 3034 habent,
842 2967 952 3040 Βάβρας
970 2972 1061 3023 autem
1077 2972 1121 3034 (st.
1138 2971 1298 3041 Bosporo-t
1316 2971 1341 3022 et
1351 2971 1397 3017 Bo·

259 3051 392 3124 βράντιαα
413 3052 522 3106 urbium
547 3058 611 3105 sunt
631 3051 741 3106 nomina
759 3052 793 3106 ab
811 3068 864 3107 uno
884 3053 1021 3122 Stephano
1038 3054 1170 3123 Byzantio
1192 3053 1397 3108 commemorata.

260 3137 354 3206 Neque
372 3152 523 3205 prouocare
541 3137 643 3204 poteris
656 3136 691 3190 od
703 3136 865 3208 Βαβρώνιαε
876 3154 981 3206 nomen,
1000 3139 1072 3208 quod
1082 3154 1115 3193 ex
1124 3138 1220 3194 Geloni
1229 3139 1311 3206 gloss.
1321 3153 1345 3206 p.
1355 3139 1397 3188 ttt

262 3221 404 3290 exscripsit
421 3221 579 3276 Dindortius
596 3221 625 3274 in
643 3221 774 3290 Stephani
791 3222 932 3278 thesauro:
952 3224 1056 3280 codices
1074 3224 1144 3278 enim
1156 3224 1299 3297 Βαβαρῶν
1316 3227 1341 3276 et
1351 3225 1397 3271 Bu-

261 3312 361 3377 ρααιαα
384 3305 485 3360 babent
508 3309 535 3360 et
552 3303 731 3374 Βαβυλωνίου
752 3307 811 3374 ipso
829 3307 985 3362 Dindorfius
1004 3308 1126 3363 coniecit.
1161 3307 1257 3376 Neque
1274 3323 1308 3362 ne
1325 3318 1397 3359 uoca-

261 3390 354 3444 bulum
372 3389 478 3459 quidem
497 3391 630 3444 Graecum
646 3390 778 3458 inuenies,
797 3407 849 3460 quo
862 3389 981 3462 Βάβριος
998 3393 1088 3461 aliqua
1106 3392 1299 3462 probabilitate
1315 3387 1398 3444 referri

261 3474 355 3544 possit.
390 3473 443 3527 Alii
460 3475 533 3529 uliud
551 3481 763 3544 proposuerunt:
786 3470 919 3546 βαβράζα
938 3476 1071 3544 Bergkius
1090 3478 1108 3532 l.
1119 3494 1140 3532 s.
1152 3493 1172 3532 s.
1188 3493 1215 3545 p.
1231 3481 1279 3530 121
1294 3469 1398 3542 -quod

261 3560 375 3614 uerbum
400 3574 455 3614 non
478 3559 616 3614 inuenitur
640 3560 692 3615 nisi
714 3575 769 3613 uno
793 3560 854 3613 loco
876 3563 973 3625 (Anan.
994 3561 1135 3616 choliamb.
1157 3562 1194 3614 Μ.
1213 3578 1240 3630 p.
1267 3565 1335 3624 131),
1360 3554 1398 3611 ubi

262 3644 417 3699 cicadarum
433 3644 577 3713 strepitum
589 3643 723 3712 significet
735 3675 776 3710 -‚
795 3641 880 3713 βαρύς
891 3645 1045 3700 Lobeckius
1057 3647 1159 3714 pathol.
1169 3663 1195 3715 p.
1206 3650 1251 3700 491
1270 3651 1296 3700 et
1307 3642 1398 3698 Preller

261 3728 340 3784 1.s.s.
351 3758 384 3766 -
397 3728 445 3782 sed
461 3732 481 3796 β
498 3728 672 3784 consonantis
690 3728 735 3782 hic
751 3724 940 3797 ‘pleonasmus’
959 3745 1057 3785 uereor
1074 3735 1106 3784 ut
1123 3731 1204 3785 dubio
1222 3731 1270 3786 iilo
1288 3737 1314 3785 et
1331 3728 1398 3782 aliter

263 3816 419 3880 comparato
433 3818 557 3888 Χαβρίας
571 3813 685 3868 nominis
698 3813 820 3882 exemplo
834 3814 900 3868 satis
913 3814 949 3868 sit
960 3813 1104 3869 firmatum.
1120 3816 1303 3886 Bernhardyi
1320 3818 1398 3868 antem

263 3897 353 3964 opinio
373 3897 419 3950 Gr.
429 3897 461 3951 L.
473 3899 504 3952 G.
515 3899 558 3952 112
568 3915 596 3968 p.
607 3902 656 3950 146
673 3893 756 3951 ‘Jetzt
772 3898 839 3952 wird
855 3913 917 3953 mon
928 3940 934 3952 .
946 3940 952 3951 .
965 3941 970 3954 .
981 3899 1033 3954 den
1050 3899 1296 3956 landechaitlichen
1306 3899 1399 3954 Namen

263 3981 335 4034 eines
353 3980 517 4037 asiatisehen
535 3982 660 4036 Dichters
678 3982 742 4036 cher
759 3977 894 4050 entragen'
916 3984 993 4051 quusi
1010 3999 1080 4054 equo
1097 3990 1140 4040 cst
1157 3985 1279 4053 tundata,
1300 4000 1358 4041 eum
1373 3979 1399 4034 de

264 4064 343 4133 Syrio
360 4064 452 4118 Babrii
467 4067 556 4135 patrie
572 4066 640 4121 nihil
659 4073 782 4122 constare
800 4067 955 4124 uiderimus.
