<?xml version="1.0" encoding="UTF-8"?>
<!DOCTYPE html PUBLIC "-//W3C//DTD XHTML 1.0 Transitional//EN"
    "http://www.w3.org/TR/xhtml1/DTD/xhtml1-transitional.dtd">
<html xmlns="http://www.w3.org/1999/xhtml" xml:lang="en" lang="en">
 <head>
  <title>
</title>
<meta http-equiv="Content-Type" content="text/html;charset=utf-8" />
  <meta name='ocr-system' content='tesseract 3.04.00' />
  <meta name='ocr-capabilities' content='ocr_page ocr_carea ocr_par ocr_line ocrx_word'/>
</head>
<body>
  <div class='ocr_page' id='page_1' title='image "./debabriiaetate00crusgoog_0110.png"; bbox 0 0 2934 4690; ppageno 0'>
   <div class='ocr_carea' id='block_1_1' title="bbox 529 317 1234 380">
    <p class='ocr_par' dir='ltr' id='par_1_1' title="bbox 529 317 1234 380">
     <span class='ocr_line' id='line_1_1' title="bbox 529 317 1234 380; baseline 0.009 -7"><span class='ocrx_word' id='word_1_1' title='bbox 529 318 563 374; x_wconf 85' lang='lat' dir='ltr'>de</span> <span class='ocrx_word' id='word_1_2' title='bbox 578 317 672 373; x_wconf 88' lang='lat' dir='ltr'>Babrii</span> <span class='ocrx_word' id='word_1_3' title='bbox 689 320 785 373; x_wconf 85' lang='lat' dir='ltr'>aetate.</span> <span class='ocrx_word' id='word_1_4' title='bbox 1173 317 1234 380; x_wconf 84' lang='grc'>227</span> 
     </span>
    </p>
   </div>
   <div class='ocr_carea' id='block_1_2' title="bbox 85 487 1235 1183">
    <p class='ocr_par' dir='ltr' id='par_1_2' title="bbox 85 487 1235 1183">
     <span class='ocr_line' id='line_1_2' title="bbox 87 487 1235 577; baseline 0.003 -21"><span class='ocrx_word' id='word_1_5' title='bbox 87 487 249 556; x_wconf 78' lang='lat' dir='ltr'><strong>codicibus</strong></span> <span class='ocrx_word' id='word_1_6' title='bbox 264 487 391 554; x_wconf 85' lang='lat' dir='ltr'>Aldinis</span> <span class='ocrx_word' id='word_1_7' title='bbox 412 494 542 555; x_wconf 85' lang='lat' dir='ltr'>seruata</span> <span class='ocrx_word' id='word_1_8' title='bbox 562 487 699 574; x_wconf 89' lang='lat' dir='ltr'>primum</span> <span class='ocrx_word' id='word_1_9' title='bbox 721 508 856 575; x_wconf 82' lang='lat' dir='ltr'>poeseos</span> <span class='ocrx_word' id='word_1_10' title='bbox 872 490 1052 557; x_wconf 85' lang='lat' dir='ltr'>Babrianae</span> <span class='ocrx_word' id='word_1_11' title='bbox 1074 492 1235 577; x_wconf 77' lang='lat' dir='ltr'>specimen</span> 
     </span>
     <span class='ocr_line' id='line_1_3' title="bbox 86 589 1235 677; baseline 0.003 -21"><span class='ocrx_word' id='word_1_12' title='bbox 86 590 267 657; x_wconf 87' lang='lat' dir='ltr'>hominibus</span> <span class='ocrx_word' id='word_1_13' title='bbox 290 589 392 658; x_wconf 88' lang='lat' dir='ltr'>doctis</span> <span class='ocrx_word' id='word_1_14' title='bbox 410 590 567 675; x_wconf 86' lang='lat' dir='ltr'>praebuit.</span> <span class='ocrx_word' id='word_1_15' title='bbox 605 591 655 655; x_wconf 86' lang='lat' dir='ltr'>En</span> <span class='ocrx_word' id='word_1_16' title='bbox 672 591 773 659; x_wconf 86' lang='lat' dir='ltr'>habes</span> <span class='ocrx_word' id='word_1_17' title='bbox 795 611 967 658; x_wconf 87' lang='lat' dir='ltr'>summam:</span> <span class='ocrx_word' id='word_1_18' title='bbox 990 592 1126 661; x_wconf 89' lang='lat' dir='ltr'>hirundo</span> <span class='ocrx_word' id='word_1_19' title='bbox 1145 591 1235 677; x_wconf 91' lang='lat' dir='ltr'>(olim</span> 
     </span>
     <span class='ocr_line' id='line_1_4' title="bbox 85 690 1233 781; baseline 0.003 -23"><span class='ocrx_word' id='word_1_20' title='bbox 85 691 258 759; x_wconf 84' lang='lat' dir='ltr'>Pandionis</span> <span class='ocrx_word' id='word_1_21' title='bbox 287 690 369 776; x_wconf 84' lang='lat' dir='ltr'>filia)</span> <span class='ocrx_word' id='word_1_22' title='bbox 400 691 441 778; x_wconf 83' lang='lat' dir='ltr'>ab</span> <span class='ocrx_word' id='word_1_23' title='bbox 470 712 546 775; x_wconf 85' lang='lat' dir='ltr'>agro</span> <span class='ocrx_word' id='word_1_24' title='bbox 576 693 708 760; x_wconf 85' lang='lat' dir='ltr'>euolans</span> <span class='ocrx_word' id='word_1_25' title='bbox 737 694 855 778; x_wconf 91' lang='lat' dir='ltr'>reperit</span> <span class='ocrx_word' id='word_1_26' title='bbox 880 693 1047 761; x_wconf 87' lang='lat' dir='ltr'>lusciniam</span> <span class='ocrx_word' id='word_1_27' title='bbox 1068 692 1233 781; x_wconf 86' lang='lat' dir='ltr'>(sororem,</span> 
     </span>
     <span class='ocr_line' id='line_1_5' title="bbox 86 792 1233 882; baseline 0.006 -24"><span class='ocrx_word' id='word_1_28' title='bbox 86 792 178 860; x_wconf 82' lang='lat' dir='ltr'>Terei</span> <span class='ocrx_word' id='word_1_29' title='bbox 194 794 349 879; x_wconf 83' lang='lat' dir='ltr'>uxorem),</span> <span class='ocrx_word' id='word_1_30' title='bbox 372 795 489 878; x_wconf 83' lang='lat' dir='ltr'>Itylnm</span> <span class='ocrx_word' id='word_1_31' title='bbox 505 813 597 862; x_wconf 92' lang='lat' dir='ltr'>suum</span> <span class='ocrx_word' id='word_1_32' title='bbox 616 792 785 861; x_wconf 87' lang='lat' dir='ltr'>deflentem</span> <span class='ocrx_word' id='word_1_33' title='bbox 801 794 867 878; x_wconf 86' lang='lat' dir='ltr'>(uu.</span> <span class='ocrx_word' id='word_1_34' title='bbox 889 795 993 881; x_wconf 79' lang='lat'><strong>1-6),</strong></span> <span class='ocrx_word' id='word_1_35' title='bbox 1016 803 1049 862; x_wconf 91' lang='lat' dir='ltr'>et</span> <span class='ocrx_word' id='word_1_36' title='bbox 1064 805 1233 882; x_wconf 86' lang='lat' dir='ltr'><strong>postquam</strong></span> 
     </span>
     <span class='ocr_line' id='line_1_6' title="bbox 85 894 1234 984; baseline 0.006 -23"><span class='ocrx_word' id='word_1_37' title='bbox 85 895 220 962; x_wconf 87' lang='lat' dir='ltr'>salutem</span> <span class='ocrx_word' id='word_1_38' title='bbox 244 894 275 960; x_wconf 90' lang='lat' dir='ltr'>ei</span> <span class='ocrx_word' id='word_1_39' title='bbox 297 895 380 962; x_wconf 82' lang='lat' dir='ltr'>dixit</span> <span class='ocrx_word' id='word_1_40' title='bbox 401 895 506 978; x_wconf 89' lang='lat' dir='ltr'>deque</span> <span class='ocrx_word' id='word_1_41' title='bbox 527 895 649 962; x_wconf 81' lang='lat' dir='ltr'>infelici</span> <span class='ocrx_word' id='word_1_42' title='bbox 672 897 738 963; x_wconf 91' lang='lat' dir='ltr'>eius</span> <span class='ocrx_word' id='word_1_43' title='bbox 761 915 883 978; x_wconf 89' lang='lat' dir='ltr'>suaque</span> <span class='ocrx_word' id='word_1_44' title='bbox 901 896 1001 983; x_wconf 89' lang='lat' dir='ltr'>ipsius</span> <span class='ocrx_word' id='word_1_45' title='bbox 1021 905 1106 966; x_wconf 83' lang='lat' dir='ltr'>sorte</span> <span class='ocrx_word' id='word_1_46' title='bbox 1120 907 1234 984; x_wconf 88' lang='lat' dir='ltr'>questa</span> 
     </span>
     <span class='ocr_line' id='line_1_7' title="bbox 87 997 1232 1088; baseline 0.006 -24"><span class='ocrx_word' id='word_1_47' title='bbox 87 1004 147 1082; x_wconf 83' lang='lat' dir='ltr'>est,</span> <span class='ocrx_word' id='word_1_48' title='bbox 170 997 213 1063; x_wconf 89' lang='lat' dir='ltr'>ad</span> <span class='ocrx_word' id='word_1_49' title='bbox 236 1017 348 1082; x_wconf 81' lang='lat' dir='ltr'>agrum</span> <span class='ocrx_word' id='word_1_50' title='bbox 371 997 631 1080; x_wconf 80' lang='lat' dir='ltr'>domiciliumque</span> <span class='ocrx_word' id='word_1_51' title='bbox 653 997 818 1065; x_wconf 92' lang='lat' dir='ltr'>hominum</span> <span class='ocrx_word' id='word_1_52' title='bbox 844 1018 953 1066; x_wconf 88' lang='lat' dir='ltr'>seeum</span> <span class='ocrx_word' id='word_1_53' title='bbox 976 1005 1009 1066; x_wconf 94' lang='lat' dir='ltr'>ut</span> <span class='ocrx_word' id='word_1_54' title='bbox 1031 1001 1140 1069; x_wconf 88' lang='lat' dir='ltr'>ueniat</span> <span class='ocrx_word' id='word_1_55' title='bbox 1162 1023 1232 1088; x_wconf 90' lang='lat' dir='ltr'>per-</span> 
     </span>
     <span class='ocr_line' id='line_1_8' title="bbox 85 1097 971 1183; baseline 0.003 -18"><span class='ocrx_word' id='word_1_56' title='bbox 85 1098 218 1166; x_wconf 86' lang='lat' dir='ltr'>suadere</span> <span class='ocrx_word' id='word_1_57' title='bbox 241 1099 271 1164; x_wconf 88' lang='lat' dir='ltr'>ei</span> <span class='ocrx_word' id='word_1_58' title='bbox 293 1098 399 1166; x_wconf 83' lang='lat' dir='ltr'>studet</span> <span class='ocrx_word' id='word_1_59' title='bbox 421 1097 486 1183; x_wconf 92' lang='lat' dir='ltr'>(uu.</span> <span class='ocrx_word' id='word_1_60' title='bbox 503 1099 631 1182; x_wconf 83' lang='lat'>7—18).</span> <span class='ocrx_word' id='word_1_61' title='bbox 676 1099 825 1170; x_wconf 84' lang='lat' dir='ltr'>Luscinia</span> <span class='ocrx_word' id='word_1_62' title='bbox 847 1107 971 1168; x_wconf 87' lang='lat' dir='ltr'>autem:</span> 
     </span>
    </p>
   </div>
   <div class='ocr_carea' id='block_1_3' title="bbox 223 1207 1077 1714">
    <p class='ocr_par' dir='ltr' id='par_1_3' title="bbox 223 1207 1077 1714">
     <span class='ocr_line' id='line_1_9' title="bbox 223 1207 908 1305; baseline 0.004 -25"><span class='ocrx_word' id='word_1_63' title='bbox 223 1229 252 1279; x_wconf 78' lang='lat'>20</span> <span class='ocrx_word' id='word_1_64' title='bbox 278 1215 316 1282; x_wconf 81' lang='grc' dir='ltr'>’έα</span> <span class='ocrx_word' id='word_1_65' title='bbox 338 1221 543 1305; x_wconf 65' lang='lat' dir='ltr'>percernere</span> <span class='ocrx_word' id='word_1_66' title='bbox 566 1214 717 1300; x_wconf 75' lang='grc' dir='ltr'><em>ἐμμένειν</em></span> <span class='ocrx_word' id='word_1_67' title='bbox 740 1207 908 1304; x_wconf 74' lang='grc' dir='ltr'><em>ἀοικήτοις</em></span> 
     </span>
     <span class='ocr_line' id='line_1_10' title="bbox 278 1310 1035 1409; baseline 0.009 -27"><span class='ocrx_word' id='word_1_68' title='bbox 278 1320 334 1384; x_wconf 87' lang='grc' dir='ltr'>καὶ</span> <span class='ocrx_word' id='word_1_69' title='bbox 356 1318 400 1406; x_wconf 78' lang='grc' dir='ltr'>μή</span> <span class='ocrx_word' id='word_1_70' title='bbox 423 1311 461 1402; x_wconf 75' lang='grc' dir='ltr'>μ’</span> <span class='ocrx_word' id='word_1_71' title='bbox 483 1312 613 1407; x_wconf 72' lang='grc' dir='ltr'><em>ὀρεινῆς</em></span> <span class='ocrx_word' id='word_1_72' title='bbox 635 1310 776 1404; x_wconf 82' lang='grc' dir='ltr'><em>όργόδος</em></span> <span class='ocrx_word' id='word_1_73' title='bbox 798 1316 837 1383; x_wconf 83' lang='grc' dir='ltr'>σὺ</span> <span class='ocrx_word' id='word_1_74' title='bbox 858 1327 1035 1409; x_wconf 79' lang='grc' dir='ltr'><em>χωρίσοῃς.</em></span> 
     </span>
     <span class='ocr_line' id='line_1_11' title="bbox 276 1413 1077 1512; baseline 0.005 -28"><span class='ocrx_word' id='word_1_75' title='bbox 276 1419 360 1502; x_wconf 81' lang='grc' dir='ltr'><em>μετὰ</em></span> <span class='ocrx_word' id='word_1_76' title='bbox 382 1419 443 1498; x_wconf 82' lang='grc' dir='ltr'>τὰς</span> <span class='ocrx_word' id='word_1_77' title='bbox 458 1413 606 1508; x_wconf 72' lang='grc' dir='ltr'><em>Ἀθήνας</em></span> <span class='ocrx_word' id='word_1_78' title='bbox 630 1414 734 1508; x_wconf 73' lang='grc' dir='ltr'><em>ἄνδρα</em></span> <span class='ocrx_word' id='word_1_79' title='bbox 755 1424 811 1487; x_wconf 84' lang='grc' dir='ltr'>καὶ</span> <span class='ocrx_word' id='word_1_80' title='bbox 833 1421 934 1490; x_wconf 76' lang='grc' dir='ltr'><em>πόλιν</em></span> <span class='ocrx_word' id='word_1_81' title='bbox 956 1423 1077 1512; x_wconf 79' lang='grc' dir='ltr'><em>φεύγω·</em></span> 
     </span>
     <span class='ocr_line' id='line_1_12' title="bbox 278 1515 1012 1612; baseline 0.004 -25"><span class='ocrx_word' id='word_1_82' title='bbox 278 1517 367 1599; x_wconf 80' lang='grc' dir='ltr'><em>οἶκος</em></span> <span class='ocrx_word' id='word_1_83' title='bbox 390 1522 426 1588; x_wconf 85' lang='grc' dir='ltr'>δέ</span> <span class='ocrx_word' id='word_1_84' title='bbox 447 1547 507 1606; x_wconf 84' lang='grc' dir='ltr'>μοι</span> <span class='ocrx_word' id='word_1_85' title='bbox 529 1525 598 1600; x_wconf 64' lang='lat' dir='ltr'>neg</span> <span class='ocrx_word' id='word_1_86' title='bbox 620 1515 795 1607; x_wconf 80' lang='grc' dir='ltr'><em>κόνιίμιξις</em></span> <span class='ocrx_word' id='word_1_87' title='bbox 819 1517 1012 1612; x_wconf 73' lang='grc' dir='ltr'><em>ἀνθρώπιον</em></span> 
     </span>
     <span class='ocr_line' id='line_1_13' title="bbox 275 1619 966 1714; baseline 0.006 -26"><span class='ocrx_word' id='word_1_88' title='bbox 275 1623 382 1712; x_wconf 74' lang='grc' dir='ltr'><em>λύπην</em></span> <span class='ocrx_word' id='word_1_89' title='bbox 404 1626 560 1691; x_wconf 77' lang='grc' dir='ltr'><em>παλαιῶν</em></span> <span class='ocrx_word' id='word_1_90' title='bbox 583 1628 763 1714; x_wconf 78' lang='grc' dir='ltr'><em>συμφορῶν</em></span> <span class='ocrx_word' id='word_1_91' title='bbox 786 1619 966 1704; x_wconf 62' lang='lat' dir='ltr'>ductatore.</span> 
     </span>
    </p>
   </div>
   <div class='ocr_carea' id='block_1_4' title="bbox 77 1741 1231 3357">
    <p class='ocr_par' dir='ltr' id='par_1_4' title="bbox 77 1741 1231 3357">
     <span class='ocr_line' id='line_1_14' title="bbox 83 1741 1230 1829; baseline 0.01 -25"><span class='ocrx_word' id='word_1_92' title='bbox 83 1741 109 1804; x_wconf 85' lang='grc' dir='ltr'><strong>Α</strong></span> <span class='ocrx_word' id='word_1_93' title='bbox 131 1743 293 1810; x_wconf 86' lang='lat' dir='ltr'>ueteribus</span> <span class='ocrx_word' id='word_1_94' title='bbox 321 1751 487 1829; x_wconf 84' lang='lat' dir='ltr'>poetarum</span> <span class='ocrx_word' id='word_1_95' title='bbox 511 1745 704 1812; x_wconf 80' lang='lat' dir='ltr'>Graecorum</span> <span class='ocrx_word' id='word_1_96' title='bbox 732 1747 851 1814; x_wconf 87' lang='lat' dir='ltr'>fabulis</span> <span class='ocrx_word' id='word_1_97' title='bbox 879 1746 961 1813; x_wconf 87' lang='lat' dir='ltr'>haee</span> <span class='ocrx_word' id='word_1_98' title='bbox 992 1747 1230 1816; x_wconf 77' lang='lat' dir='ltr'>narratiuncula</span> 
     </span>
     <span class='ocr_line' id='line_1_15' title="bbox 83 1843 1231 1933; baseline 0.008 -25"><span class='ocrx_word' id='word_1_99' title='bbox 83 1843 300 1911; x_wconf 87' lang='lat' dir='ltr'>diuersissima</span> <span class='ocrx_word' id='word_1_100' title='bbox 322 1853 370 1912; x_wconf 88' lang='lat' dir='ltr'>est</span> <span class='ocrx_word' id='word_1_101' title='bbox 391 1865 495 1928; x_wconf 90' lang='lat' dir='ltr'>neque</span> <span class='ocrx_word' id='word_1_102' title='bbox 517 1845 549 1911; x_wconf 91' lang='lat' dir='ltr'>in</span> <span class='ocrx_word' id='word_1_103' title='bbox 568 1846 745 1913; x_wconf 87' lang='lat' dir='ltr'>Phaedreis</span> <span class='ocrx_word' id='word_1_104' title='bbox 768 1853 823 1914; x_wconf 85' lang='lat' dir='ltr'>aut</span> <span class='ocrx_word' id='word_1_105' title='bbox 840 1848 996 1933; x_wconf 87' lang='lat' dir='ltr'>Aesopeis</span> <span class='ocrx_word' id='word_1_106' title='bbox 1019 1869 1099 1932; x_wconf 88' lang='lat' dir='ltr'>quas</span> <span class='ocrx_word' id='word_1_107' title='bbox 1122 1849 1231 1917; x_wconf 91' lang='lat' dir='ltr'>dicunt</span> 
     </span>
     <span class='ocr_line' id='line_1_16' title="bbox 83 1946 1229 2030; baseline 0.006 -19"><span class='ocrx_word' id='word_1_108' title='bbox 83 1946 228 2013; x_wconf 89' lang='lat' dir='ltr'>omnibus</span> <span class='ocrx_word' id='word_1_109' title='bbox 250 1946 388 2014; x_wconf 91' lang='lat' dir='ltr'>similem</span> <span class='ocrx_word' id='word_1_110' title='bbox 410 1948 463 2014; x_wconf 90' lang='lat' dir='ltr'>uel</span> <span class='ocrx_word' id='word_1_111' title='bbox 485 1969 581 2014; x_wconf 89' lang='lat' dir='ltr'>unam</span> <span class='ocrx_word' id='word_1_112' title='bbox 598 1948 759 2014; x_wconf 90' lang='lat' dir='ltr'>inuenies:</span> <span class='ocrx_word' id='word_1_113' title='bbox 782 1967 886 2030; x_wconf 91' lang='lat' dir='ltr'>neque</span> <span class='ocrx_word' id='word_1_114' title='bbox 902 1950 985 2016; x_wconf 92' lang='lat' dir='ltr'>enirn</span> <span class='ocrx_word' id='word_1_115' title='bbox 1001 1958 1056 2017; x_wconf 84' lang='lat' dir='ltr'>aut</span> <span class='ocrx_word' id='word_1_116' title='bbox 1070 1954 1229 2020; x_wconf 83' lang='lat' dir='ltr'>sententia</span> 
     </span>
     <span class='ocr_line' id='line_1_17' title="bbox 81 2048 1228 2134; baseline 0.009 -22"><span class='ocrx_word' id='word_1_117' title='bbox 81 2049 187 2131; x_wconf 89' lang='lat' dir='ltr'>aliqua</span> <span class='ocrx_word' id='word_1_118' title='bbox 215 2049 393 2115; x_wconf 87' lang='lat' dir='ltr'>illustratur</span> <span class='ocrx_word' id='word_1_119' title='bbox 405 2049 428 2134; x_wconf 88' lang='lat'>¹)</span> <span class='ocrx_word' id='word_1_120' title='bbox 457 2058 511 2116; x_wconf 92' lang='lat' dir='ltr'>aut</span> <span class='ocrx_word' id='word_1_121' title='bbox 542 2048 650 2114; x_wconf 80' lang='grc' dir='ltr'><em>αἰἰιον</em></span> <span class='ocrx_word' id='word_1_122' title='bbox 680 2051 849 2133; x_wconf 86' lang='lat' dir='ltr'>exponitur</span> <span class='ocrx_word' id='word_1_123' title='bbox 877 2058 933 2118; x_wconf 92' lang='lat' dir='ltr'>aut</span> <span class='ocrx_word' id='word_1_124' title='bbox 959 2052 1048 2118; x_wconf 89' lang='lat' dir='ltr'>iocus</span> <span class='ocrx_word' id='word_1_125' title='bbox 1070 2053 1154 2120; x_wconf 91' lang='lat' dir='ltr'>inest</span> <span class='ocrx_word' id='word_1_126' title='bbox 1174 2056 1228 2122; x_wconf 91' lang='lat' dir='ltr'>uel</span> 
     </span>
     <span class='ocr_line' id='line_1_18' title="bbox 81 2149 1228 2237; baseline 0.007 -23"><span class='ocrx_word' id='word_1_127' title='bbox 81 2149 255 2217; x_wconf 83' lang='lat' dir='ltr'>dicterium.</span> <span class='ocrx_word' id='word_1_128' title='bbox 305 2150 357 2216; x_wconf 84' lang='lat' dir='ltr'>Ad</span> <span class='ocrx_word' id='word_1_129' title='bbox 385 2151 633 2217; x_wconf 89' lang='lat' dir='ltr'>uetustissimam</span> <span class='ocrx_word' id='word_1_130' title='bbox 662 2159 769 2217; x_wconf 89' lang='lat' dir='ltr'>autem</span> <span class='ocrx_word' id='word_1_131' title='bbox 802 2152 931 2219; x_wconf 87' lang='lat' dir='ltr'>fabulae</span> <span class='ocrx_word' id='word_1_132' title='bbox 963 2150 1099 2220; x_wconf 87' lang='lat' dir='ltr'>formam</span> <span class='ocrx_word' id='word_1_133' title='bbox 1131 2175 1228 2237; x_wconf 89' lang='lat' dir='ltr'>quam</span> 
     </span>
     <span class='ocr_line' id='line_1_19' title="bbox 80 2244 1229 2340; baseline 0.006 -24"><span class='ocrx_word' id='word_1_134' title='bbox 80 2273 159 2318; x_wconf 92' lang='lat' dir='ltr'>nunc</span> <span class='ocrx_word' id='word_1_135' title='bbox 189 2251 325 2319; x_wconf 88' lang='lat' dir='ltr'>dicimus</span> <span class='ocrx_word' id='word_1_136' title='bbox 344 2244 626 2320; x_wconf 78' lang='lat' dir='ltr'>‘&#39;Phierm&#39;utrchen’</span> <span class='ocrx_word' id='word_1_137' title='bbox 657 2287 697 2299; x_wconf 88' lang='lat'>-</span> <span class='ocrx_word' id='word_1_138' title='bbox 727 2272 811 2335; x_wconf 88' lang='lat' dir='ltr'>quae</span> <span class='ocrx_word' id='word_1_139' title='bbox 840 2253 969 2335; x_wconf 88' lang='lat' dir='ltr'>quidem</span> <span class='ocrx_word' id='word_1_140' title='bbox 997 2256 1135 2340; x_wconf 88' lang='lat' dir='ltr'>propriis</span> <span class='ocrx_word' id='word_1_141' title='bbox 1163 2257 1229 2323; x_wconf 92' lang='lat' dir='ltr'>illis</span> 
     </span>
     <span class='ocr_line' id='line_1_20' title="bbox 79 2353 1228 2439; baseline 0.007 -22"><span class='ocrx_word' id='word_1_142' title='bbox 79 2353 236 2421; x_wconf 90' lang='lat' dir='ltr'>interdum</span> <span class='ocrx_word' id='word_1_143' title='bbox 259 2361 399 2422; x_wconf 90' lang='lat' dir='ltr'>caret-</span> <span class='ocrx_word' id='word_1_144' title='bbox 418 2355 587 2438; x_wconf 89' lang='lat' dir='ltr'>quominus</span> <span class='ocrx_word' id='word_1_145' title='bbox 602 2357 785 2438; x_wconf 83' lang='lat' dir='ltr'>referamus,</span> <span class='ocrx_word' id='word_1_146' title='bbox 807 2355 989 2422; x_wconf 85' lang='lat' dir='ltr'>uniuersum</span> <span class='ocrx_word' id='word_1_147' title='bbox 1005 2364 1228 2439; x_wconf 84' lang='lat' dir='ltr'>argumentum</span> 
     </span>
     <span class='ocr_line' id='line_1_21' title="bbox 79 2454 1226 2544; baseline 0.007 -25"><span class='ocrx_word' id='word_1_148' title='bbox 79 2456 169 2523; x_wconf 89' lang='lat' dir='ltr'>nimis</span> <span class='ocrx_word' id='word_1_149' title='bbox 201 2458 298 2524; x_wconf 91' lang='lat' dir='ltr'>molle</span> <span class='ocrx_word' id='word_1_150' title='bbox 327 2464 359 2524; x_wconf 90' lang='lat' dir='ltr'>et</span> <span class='ocrx_word' id='word_1_151' title='bbox 388 2455 593 2523; x_wconf 88' lang='lat' dir='ltr'>artificiosum</span> <span class='ocrx_word' id='word_1_152' title='bbox 616 2454 750 2542; x_wconf 87' lang='lat' dir='ltr'>impedit</span> <span class='ocrx_word' id='word_1_153' title='bbox 772 2463 804 2521; x_wconf 92' lang='lat' dir='ltr'>et</span> <span class='ocrx_word' id='word_1_154' title='bbox 825 2456 921 2541; x_wconf 89' lang='lat' dir='ltr'>plane</span> <span class='ocrx_word' id='word_1_155' title='bbox 947 2455 1029 2522; x_wconf 90' lang='lat' dir='ltr'>illud</span> <span class='ocrx_word' id='word_1_156' title='bbox 1054 2458 1226 2544; x_wconf 81' lang='lat' dir='ltr'>singulare,</span> 
     </span>
     <span class='ocr_line' id='line_1_22' title="bbox 80 2556 1226 2640; baseline 0.007 -18"><span class='ocrx_word' id='word_1_157' title='bbox 80 2557 161 2638; x_wconf 90' lang='lat' dir='ltr'>quod</span> <span class='ocrx_word' id='word_1_158' title='bbox 184 2558 306 2626; x_wconf 90' lang='lat' dir='ltr'>nullum</span> <span class='ocrx_word' id='word_1_159' title='bbox 329 2559 458 2626; x_wconf 89' lang='lat' dir='ltr'>omniuo</span> <span class='ocrx_word' id='word_1_160' title='bbox 480 2558 514 2623; x_wconf 93' lang='lat' dir='ltr'>in</span> <span class='ocrx_word' id='word_1_161' title='bbox 537 2579 576 2625; x_wconf 87' lang='lat' dir='ltr'>ea</span> <span class='ocrx_word' id='word_1_162' title='bbox 597 2556 681 2624; x_wconf 88' lang='lat' dir='ltr'>inest</span> <span class='ocrx_word' id='word_1_163' title='bbox 702 2559 831 2640; x_wconf 84' lang='lat' dir='ltr'>factum,</span> <span class='ocrx_word' id='word_1_164' title='bbox 854 2557 912 2623; x_wconf 87' lang='lat' dir='ltr'>sed</span> <span class='ocrx_word' id='word_1_165' title='bbox 934 2557 1012 2625; x_wconf 90' lang='lat' dir='ltr'>nihil</span> <span class='ocrx_word' id='word_1_166' title='bbox 1031 2558 1093 2626; x_wconf 88' lang='lat' dir='ltr'>nisi</span> <span class='ocrx_word' id='word_1_167' title='bbox 1110 2561 1226 2630; x_wconf 87' lang='lat' dir='ltr'>oratio·</span> 
     </span>
     <span class='ocr_line' id='line_1_23' title="bbox 79 2660 1227 2745; baseline 0.006 -20"><span class='ocrx_word' id='word_1_168' title='bbox 79 2681 133 2726; x_wconf 91' lang='lat' dir='ltr'>nes</span> <span class='ocrx_word' id='word_1_169' title='bbox 156 2660 249 2728; x_wconf 87' lang='lat' dir='ltr'>duae.</span> <span class='ocrx_word' id='word_1_170' title='bbox 286 2663 355 2727; x_wconf 89' lang='lat' dir='ltr'>Iam</span> <span class='ocrx_word' id='word_1_171' title='bbox 377 2662 404 2726; x_wconf 89' lang='lat' dir='ltr'>si</span> <span class='ocrx_word' id='word_1_172' title='bbox 428 2681 567 2744; x_wconf 89' lang='lat' dir='ltr'>quanam</span> <span class='ocrx_word' id='word_1_173' title='bbox 588 2660 788 2745; x_wconf 88' lang='lat' dir='ltr'>potissimum</span> <span class='ocrx_word' id='word_1_174' title='bbox 804 2665 911 2726; x_wconf 90' lang='lat' dir='ltr'>aetate</span> <span class='ocrx_word' id='word_1_175' title='bbox 926 2660 1000 2727; x_wconf 86' lang='lat' dir='ltr'>talis</span> <span class='ocrx_word' id='word_1_176' title='bbox 1016 2662 1137 2730; x_wconf 82' lang='lat' dir='ltr'>fabella</span> <span class='ocrx_word' id='word_1_177' title='bbox 1151 2663 1227 2732; x_wconf 90' lang='lat' dir='ltr'>oriri</span> 
     </span>
     <span class='ocr_line' id='line_1_24' title="bbox 78 2761 1224 2849; baseline 0.003 -21"><span class='ocrx_word' id='word_1_178' title='bbox 78 2763 214 2846; x_wconf 90' lang='lat' dir='ltr'>potuerit</span> <span class='ocrx_word' id='word_1_179' title='bbox 242 2765 382 2848; x_wconf 88' lang='lat' dir='ltr'>quaeris,</span> <span class='ocrx_word' id='word_1_180' title='bbox 414 2763 530 2830; x_wconf 91' lang='lat' dir='ltr'>iterum</span> <span class='ocrx_word' id='word_1_181' title='bbox 559 2763 615 2829; x_wconf 85' lang='lat' dir='ltr'>uix</span> <span class='ocrx_word' id='word_1_182' title='bbox 641 2761 739 2828; x_wconf 87' lang='lat' dir='ltr'>aliam</span> <span class='ocrx_word' id='word_1_183' title='bbox 760 2761 904 2828; x_wconf 89' lang='lat' dir='ltr'>inuenies</span> <span class='ocrx_word' id='word_1_184' title='bbox 926 2761 989 2828; x_wconf 91' lang='lat' dir='ltr'>nisi</span> <span class='ocrx_word' id='word_1_185' title='bbox 1011 2764 1224 2849; x_wconf 86' lang='lat' dir='ltr'>sophistarum</span> 
     </span>
     <span class='ocr_line' id='line_1_25' title="bbox 78 2864 1224 2950; baseline 0.006 -21"><span class='ocrx_word' id='word_1_186' title='bbox 78 2865 134 2930; x_wconf 87' lang='lat' dir='ltr'>sub</span> <span class='ocrx_word' id='word_1_187' title='bbox 162 2865 410 2950; x_wconf 88' lang='lat' dir='ltr'>imperatoribus</span> <span class='ocrx_word' id='word_1_188' title='bbox 432 2865 584 2931; x_wconf 85' lang='lat' dir='ltr'>Romanis</span> <span class='ocrx_word' id='word_1_189' title='bbox 612 2864 738 2932; x_wconf 88' lang='lat' dir='ltr'>florem:</span> <span class='ocrx_word' id='word_1_190' title='bbox 766 2884 841 2930; x_wconf 86' lang='lat' dir='ltr'>narn</span> <span class='ocrx_word' id='word_1_191' title='bbox 869 2864 893 2931; x_wconf 91' lang='lat' dir='ltr'>ii</span> <span class='ocrx_word' id='word_1_192' title='bbox 918 2864 1013 2950; x_wconf 90' lang='lat' dir='ltr'>primi</span> <span class='ocrx_word' id='word_1_193' title='bbox 1034 2877 1224 2950; x_wconf 85' lang='lat' dir='ltr'>argumenta</span> 
     </span>
     <span class='ocr_line' id='line_1_26' title="bbox 78 2963 1226 3052; baseline 0.002 -22"><span class='ocrx_word' id='word_1_194' title='bbox 78 2966 257 3032; x_wconf 86' lang='lat' dir='ltr'>tractabant</span> <span class='ocrx_word' id='word_1_195' title='bbox 273 2967 432 3035; x_wconf 82' lang='lat' dir='ltr'>Bebriaoo</span> <span class='ocrx_word' id='word_1_196' title='bbox 455 2967 528 3032; x_wconf 90' lang='lat' dir='ltr'>huic</span> <span class='ocrx_word' id='word_1_197' title='bbox 542 2965 660 3033; x_wconf 86' lang='lat' dir='ltr'>similia</span> <span class='ocrx_word' id='word_1_198' title='bbox 675 2963 793 3048; x_wconf 88' lang='lat' dir='ltr'>(Rohd.</span> <span class='ocrx_word' id='word_1_199' title='bbox 809 2967 900 3039; x_wconf 82' lang='lat' dir='ltr'>Rom.</span> <span class='ocrx_word' id='word_1_200' title='bbox 914 2987 945 3052; x_wconf 90' lang='lat' dir='ltr'>p.</span> <span class='ocrx_word' id='word_1_201' title='bbox 963 2969 1024 3030; x_wconf 81' lang='lat'>352</span> <span class='ocrx_word' id='word_1_202' title='bbox 1043 2967 1116 3034; x_wconf 88' lang='lat' dir='ltr'>adn.</span> <span class='ocrx_word' id='word_1_203' title='bbox 1136 2970 1167 3052; x_wconf 87' lang='lat'>1)</span> <span class='ocrx_word' id='word_1_204' title='bbox 1184 3006 1226 3018; x_wconf 86' lang='lat'>--</span> 
     </span>
     <span class='ocr_line' id='line_1_27' title="bbox 78 3052 1225 3156; baseline 0.005 -24"><span class='ocrx_word' id='word_1_205' title='bbox 78 3068 163 3135; x_wconf 85' lang='lat' dir='ltr'>uelut</span> <span class='ocrx_word' id='word_1_206' title='bbox 190 3052 268 3154; x_wconf 77' lang='grc' dir='ltr'><em>ἦρος</em></span> <span class='ocrx_word' id='word_1_207' title='bbox 299 3065 456 3145; x_wconf 76' lang='grc' dir='ltr'><em>ἐπαίνους</em></span> <span class='ocrx_word' id='word_1_208' title='bbox 485 3057 703 3156; x_wconf 74' lang='grc' dir='ltr'><em>ἢχελιδόνων</em></span> <span class='ocrx_word' id='word_1_209' title='bbox 725 3057 746 3156; x_wconf 76' lang='grc' dir='ltr'><em>ἢ</em></span> <span class='ocrx_word' id='word_1_210' title='bbox 768 3060 918 3155; x_wconf 77' lang='grc' dir='ltr'><em>ἀηδόνιον</em></span> <span class='ocrx_word' id='word_1_211' title='bbox 940 3067 1107 3151; x_wconf 85' lang='lat' dir='ltr'>(Themist.</span> <span class='ocrx_word' id='word_1_212' title='bbox 1124 3091 1168 3138; x_wconf 89' lang='lat' dir='ltr'>or.</span> <span class='ocrx_word' id='word_1_213' title='bbox 1185 3075 1225 3138; x_wconf 86' lang='grc'>26</span> 
     </span>
     <span class='ocr_line' id='line_1_28' title="bbox 77 3167 1224 3258; baseline 0.005 -25"><span class='ocrx_word' id='word_1_214' title='bbox 77 3189 105 3252; x_wconf 90' lang='lat' dir='ltr'>p.</span> <span class='ocrx_word' id='word_1_215' title='bbox 122 3172 183 3234; x_wconf 88' lang='grc'>329</span> <span class='ocrx_word' id='word_1_216' title='bbox 207 3168 262 3254; x_wconf 83' lang='grc'>1).)</span> <span class='ocrx_word' id='word_1_217' title='bbox 286 3176 318 3236; x_wconf 81' lang='lat' dir='ltr'>et</span> <span class='ocrx_word' id='word_1_218' title='bbox 339 3167 381 3235; x_wconf 82' lang='grc' dir='ltr'>τὰ</span> <span class='ocrx_word' id='word_1_219' title='bbox 403 3172 483 3258; x_wconf 76' lang='grc' dir='ltr'>περὶ</span> <span class='ocrx_word' id='word_1_220' title='bbox 504 3167 563 3256; x_wconf 73' lang='grc' dir='ltr'>τὴν</span> <span class='ocrx_word' id='word_1_221' title='bbox 582 3168 737 3251; x_wconf 77' lang='grc' dir='ltr'><em>χελιδόνα</em></span> <span class='ocrx_word' id='word_1_222' title='bbox 761 3167 885 3252; x_wconf 81' lang='lat' dir='ltr'>(scholl.</span> <span class='ocrx_word' id='word_1_223' title='bbox 904 3167 1056 3252; x_wconf 84' lang='lat' dir='ltr'>Hermog.</span> <span class='ocrx_word' id='word_1_224' title='bbox 1071 3193 1109 3236; x_wconf 78' lang='grc' dir='ltr'>νο.</span> <span class='ocrx_word' id='word_1_225' title='bbox 1126 3170 1224 3239; x_wconf 77' lang='grc' dir='ltr'><em>ἰδεῶν</em></span> 
     </span>
     <span class='ocr_line' id='line_1_29' title="bbox 77 3269 1222 3357; baseline 0.008 -23"><span class='ocrx_word' id='word_1_226' title='bbox 77 3290 105 3353; x_wconf 93' lang='lat' dir='ltr'>p.</span> <span class='ocrx_word' id='word_1_227' title='bbox 121 3275 183 3334; x_wconf 85' lang='grc'>415</span> <span class='ocrx_word' id='word_1_228' title='bbox 207 3270 294 3356; x_wconf 87' lang='lat' dir='ltr'>Ald.)</span> <span class='ocrx_word' id='word_1_229' title='bbox 318 3277 477 3354; x_wconf 88' lang='lat' dir='ltr'>-atque</span> <span class='ocrx_word' id='word_1_230' title='bbox 508 3271 585 3354; x_wconf 91' lang='lat' dir='ltr'>quid</span> <span class='ocrx_word' id='word_1_231' title='bbox 614 3275 700 3337; x_wconf 86' lang='lat' dir='ltr'>certa</span> <span class='ocrx_word' id='word_1_232' title='bbox 729 3269 868 3353; x_wconf 91' lang='lat' dir='ltr'>quadam</span> <span class='ocrx_word' id='word_1_233' title='bbox 897 3269 1083 3340; x_wconf 91' lang='lat' dir='ltr'>condicione</span> <span class='ocrx_word' id='word_1_234' title='bbox 1105 3274 1222 3357; x_wconf 89' lang='lat' dir='ltr'>aliquis</span> 
     </span>
    </p>
   </div>
   <div class='ocr_carea' id='block_1_5' title="bbox 78 3405 273 3414">
    <p class='ocr_par' dir='ltr' id='par_1_5' title="bbox 78 3405 273 3414">
     <span class='ocr_line' id='line_1_30' title="bbox 78 3405 273 3414; baseline 0.01 -2"><span class='ocrx_word' id='word_1_235' title='bbox 78 3405 273 3414; x_wconf 78' lang='lat'><strong>———.—-——</strong></span> 
     </span>
    </p>
   </div>
   <div class='ocr_carea' id='block_1_6' title="bbox 12 3471 1223 4138">
    <p class='ocr_par' dir='ltr' id='par_1_6' title="bbox 12 3471 1223 4138">
     <span class='ocr_line' id='line_1_31' title="bbox 161 3471 1223 3550; baseline 0.003 -24"><span class='ocrx_word' id='word_1_236' title='bbox 161 3473 185 3540; x_wconf 84' lang='grc'>1)</span> <span class='ocrx_word' id='word_1_237' title='bbox 203 3473 287 3530; x_wconf 87' lang='lat' dir='ltr'>Nihili</span> <span class='ocrx_word' id='word_1_238' title='bbox 305 3475 370 3528; x_wconf 85' lang='lat' dir='ltr'>suut</span> <span class='ocrx_word' id='word_1_239' title='bbox 387 3488 456 3544; x_wconf 83' lang='lat' dir='ltr'>quae</span> <span class='ocrx_word' id='word_1_240' title='bbox 474 3472 645 3542; x_wconf 81' lang='lat' dir='ltr'>epimythista</span> <span class='ocrx_word' id='word_1_241' title='bbox 663 3471 758 3550; x_wconf 78' lang='lat' dir='ltr'>(Hoeh.</span> <span class='ocrx_word' id='word_1_242' title='bbox 770 3486 796 3539; x_wconf 91' lang='lat' dir='ltr'>p.</span> <span class='ocrx_word' id='word_1_243' title='bbox 808 3472 901 3535; x_wconf 67' lang='lat' dir='ltr'>alac)</span> <span class='ocrx_word' id='word_1_244' title='bbox 918 3471 1017 3528; x_wconf 88' lang='lat' dir='ltr'>adiecit</span> <span class='ocrx_word' id='word_1_245' title='bbox 1028 3490 1054 3527; x_wconf 92' lang='lat' dir='ltr'>u.</span> <span class='ocrx_word' id='word_1_246' title='bbox 1065 3477 1096 3526; x_wconf 82' lang='lat'>25</span> <span class='ocrx_word' id='word_1_247' title='bbox 1107 3488 1164 3543; x_wconf 86' lang='lat' dir='ltr'>sqq.</span> <span class='ocrx_word' id='word_1_248' title='bbox 1179 3480 1223 3541; x_wconf 81' lang='lat' dir='ltr'>(ex</span> 
     </span>
     <span class='ocr_line' id='line_1_32' title="bbox 77 3553 1222 3628; baseline 0 -14"><span class='ocrx_word' id='word_1_249' title='bbox 77 3559 171 3628; x_wconf 87' lang='lat' dir='ltr'>quibus</span> <span class='ocrx_word' id='word_1_250' title='bbox 184 3557 277 3613; x_wconf 87' lang='lat' dir='ltr'>Keller</span> <span class='ocrx_word' id='word_1_251' title='bbox 294 3575 319 3627; x_wconf 93' lang='lat' dir='ltr'>p.</span> <span class='ocrx_word' id='word_1_252' title='bbox 334 3563 383 3613; x_wconf 87' lang='lat'>390</span> <span class='ocrx_word' id='word_1_253' title='bbox 402 3558 515 3627; x_wconf 82' lang='lat' dir='ltr'>colligit:</span> <span class='ocrx_word' id='word_1_254' title='bbox 534 3553 676 3612; x_wconf 83' lang='lat' dir='ltr'>‘neitrreisc</span> <span class='ocrx_word' id='word_1_255' title='bbox 693 3558 786 3611; x_wconf 79' lang='lat' dir='ltr'>herste</span> <span class='ocrx_word' id='word_1_256' title='bbox 804 3570 834 3610; x_wconf 90' lang='lat' dir='ltr'>er</span> <span class='ocrx_word' id='word_1_257' title='bbox 852 3554 900 3611; x_wconf 79' lang='lat' dir='ltr'>das</span> <span class='ocrx_word' id='word_1_258' title='bbox 915 3556 1040 3612; x_wconf 82' lang='lat' dir='ltr'>Getreihe</span> <span class='ocrx_word' id='word_1_259' title='bbox 1052 3557 1099 3610; x_wconf 90' lang='lat' dir='ltr'>der</span> <span class='ocrx_word' id='word_1_260' title='bbox 1109 3573 1222 3626; x_wconf 80' lang='lat' dir='ltr'>grossen</span> 
     </span>
     <span class='ocr_line' id='line_1_33' title="bbox 12 3639 1220 3712; baseline 0.002 -14"><span class='ocrx_word' id='word_1_261' title='bbox 12 3699 13 3712; x_wconf 21' lang='lat'>¹</span> <span class='ocrx_word' id='word_1_262' title='bbox 75 3643 155 3698; x_wconf 88' lang='lat' dir='ltr'>Welt.</span> <span class='ocrx_word' id='word_1_263' title='bbox 190 3641 298 3699; x_wconf 85' lang='lat' dir='ltr'>Ferneb</span> <span class='ocrx_word' id='word_1_264' title='bbox 319 3660 371 3699; x_wconf 86' lang='lat' dir='ltr'>von</span> <span class='ocrx_word' id='word_1_265' title='bbox 395 3642 443 3698; x_wconf 88' lang='lat' dir='ltr'>der</span> <span class='ocrx_word' id='word_1_266' title='bbox 461 3643 558 3710; x_wconf 83' lang='lat' dir='ltr'>Mcnge</span> <span class='ocrx_word' id='word_1_267' title='bbox 581 3643 677 3697; x_wconf 87' lang='lat' dir='ltr'>suchte</span> <span class='ocrx_word' id='word_1_268' title='bbox 703 3641 759 3696; x_wconf 92' lang='lat' dir='ltr'>und</span> <span class='ocrx_word' id='word_1_269' title='bbox 778 3639 845 3694; x_wconf 86' lang='lat' dir='ltr'>fond</span> <span class='ocrx_word' id='word_1_270' title='bbox 863 3655 893 3695; x_wconf 90' lang='lat' dir='ltr'>er</span> <span class='ocrx_word' id='word_1_271' title='bbox 909 3640 938 3694; x_wconf 92' lang='lat' dir='ltr'>in</span> <span class='ocrx_word' id='word_1_272' title='bbox 955 3641 1150 3698; x_wconf 81' lang='lat' dir='ltr'>litterarischer</span> <span class='ocrx_word' id='word_1_273' title='bbox 1169 3645 1220 3700; x_wconf 90' lang='lat' dir='ltr'>Be-</span> 
     </span>
     <span class='ocr_line' id='line_1_34' title="bbox 12 3724 1220 3796; baseline -0.002 -10"><span class='ocrx_word' id='word_1_274' title='bbox 12 3741 13 3786; x_wconf 80' lang='lat'>}</span> <span class='ocrx_word' id='word_1_275' title='bbox 75 3727 247 3796; x_wconf 78' lang='lat' dir='ltr'>schtftigung</span> <span class='ocrx_word' id='word_1_276' title='bbox 263 3727 346 3783; x_wconf 85' lang='lat' dir='ltr'>Trost</span> <span class='ocrx_word' id='word_1_277' title='bbox 362 3726 407 3782; x_wconf 80' lang='lat' dir='ltr'>fiir</span> <span class='ocrx_word' id='word_1_278' title='bbox 424 3727 467 3782; x_wconf 90' lang='lat' dir='ltr'>die</span> <span class='ocrx_word' id='word_1_279' title='bbox 485 3727 627 3794; x_wconf 87' lang='lat' dir='ltr'>Wunden,</span> <span class='ocrx_word' id='word_1_280' title='bbox 649 3727 692 3782; x_wconf 92' lang='lat' dir='ltr'>die</span> <span class='ocrx_word' id='word_1_281' title='bbox 708 3727 764 3780; x_wconf 89' lang='lat' dir='ltr'>ihm</span> <span class='ocrx_word' id='word_1_282' title='bbox 783 3725 825 3780; x_wconf 90' lang='lat' dir='ltr'>ein</span> <span class='ocrx_word' id='word_1_283' title='bbox 843 3724 1003 3780; x_wconf 87' lang='lat' dir='ltr'>leindliches</span> <span class='ocrx_word' id='word_1_284' title='bbox 1022 3724 1159 3782; x_wconf 83' lang='lat' dir='ltr'>Geschick</span> <span class='ocrx_word' id='word_1_285' title='bbox 1175 3745 1220 3796; x_wconf 81' lang='lat' dir='ltr'>ge-</span> 
     </span>
     <span class='ocr_line' id='line_1_35' title="bbox 12 3805 1222 3882; baseline 0.002 -16"><span class='ocrx_word' id='word_1_286' title='bbox 12 3805 13 3818; x_wconf 53' lang='lat'><em>*</em></span> <span class='ocrx_word' id='word_1_287' title='bbox 75 3813 201 3881; x_wconf 80' lang='lat' dir='ltr'>schlegen</span> <span class='ocrx_word' id='word_1_288' title='bbox 224 3809 339 3882; x_wconf 88' lang='lat' dir='ltr'>hatte’),</span> <span class='ocrx_word' id='word_1_289' title='bbox 360 3812 527 3881; x_wconf 82' lang='lat' dir='ltr'>lepidissime</span> <span class='ocrx_word' id='word_1_290' title='bbox 551 3815 641 3866; x_wconf 82' lang='lat' dir='ltr'>autem</span> <span class='ocrx_word' id='word_1_291' title='bbox 662 3812 859 3882; x_wconf 88' lang='lat' dir='ltr'>paraphrastae</span> <span class='ocrx_word' id='word_1_292' title='bbox 877 3807 1011 3863; x_wconf 82' lang='lat' dir='ltr'>Marciani</span> <span class='ocrx_word' id='word_1_293' title='bbox 1028 3812 1162 3867; x_wconf 82' lang='lat' dir='ltr'>sententie</span> <span class='ocrx_word' id='word_1_294' title='bbox 1179 3818 1222 3868; x_wconf 89' lang='lat' dir='ltr'>est</span> 
     </span>
     <span class='ocr_line' id='line_1_36' title="bbox 75 3889 1221 3968; baseline 0 -16"><span class='ocrx_word' id='word_1_295' title='bbox 75 3897 134 3960; x_wconf 73' lang='grc' dir='ltr'><strong>(ΚΗ.</strong></span> <span class='ocrx_word' id='word_1_296' title='bbox 149 3914 176 3968; x_wconf 83' lang='lat' dir='ltr'>p.</span> <span class='ocrx_word' id='word_1_297' title='bbox 195 3903 206 3951; x_wconf 83' lang='lat' dir='ltr'>l</span> <span class='ocrx_word' id='word_1_298' title='bbox 222 3898 295 3964; x_wconf 72' lang='lat' dir='ltr'>adn.)</span> <span class='ocrx_word' id='word_1_299' title='bbox 314 3893 330 3964; x_wconf 80' lang='grc' dir='ltr'><strong><em>ἡ</em></strong></span> <span class='ocrx_word' id='word_1_300' title='bbox 346 3901 398 3966; x_wconf 82' lang='grc' dir='ltr'>μὲν</span> <span class='ocrx_word' id='word_1_301' title='bbox 414 3894 531 3963; x_wconf 73' lang='grc' dir='ltr'><em>χελιδὼν</em></span> <span class='ocrx_word' id='word_1_302' title='bbox 548 3901 602 3950; x_wconf 73' lang='grc' dir='ltr'><em>τοῖς</em></span> <span class='ocrx_word' id='word_1_303' title='bbox 621 3899 650 3948; x_wconf 79' lang='grc' dir='ltr'>ὲν</span> <span class='ocrx_word' id='word_1_304' title='bbox 667 3897 708 3964; x_wconf 77' lang='grc' dir='ltr'>τῷ</span> <span class='ocrx_word' id='word_1_305' title='bbox 727 3891 821 3964; x_wconf 77' lang='grc' dir='ltr'><em>κόσμῳ</em></span> <span class='ocrx_word' id='word_1_306' title='bbox 842 3889 1004 3962; x_wconf 73' lang='grc' dir='ltr'><em>ἀνθρώποις</em></span> <span class='ocrx_word' id='word_1_307' title='bbox 1021 3891 1221 3966; x_wconf 81' lang='grc' dir='ltr'><em>παρεικόζεται,</em></span> 
     </span>
     <span class='ocr_line' id='line_1_37' title="bbox 12 3975 1222 4057; baseline 0.001 -23"><span class='ocrx_word' id='word_1_308' title='bbox 12 4021 13 4024; x_wconf 66' lang='lat'>,</span> <span class='ocrx_word' id='word_1_309' title='bbox 76 3979 90 4046; x_wconf 75' lang='grc' dir='ltr'><em>ἡ</em></span> <span class='ocrx_word' id='word_1_310' title='bbox 107 3979 137 4035; x_wconf 82' lang='grc' dir='ltr'>δὲ</span> <span class='ocrx_word' id='word_1_311' title='bbox 153 3979 249 4050; x_wconf 77' lang='grc' dir='ltr'><em>ἀηδὼν</em></span> <span class='ocrx_word' id='word_1_312' title='bbox 265 3987 325 4037; x_wconf 78' lang='grc' dir='ltr'><em>τοῖο</em></span> <span class='ocrx_word' id='word_1_313' title='bbox 338 3979 491 4053; x_wconf 65' lang='grc' dir='ltr'><em>φιδορήμοιο</em></span> <span class='ocrx_word' id='word_1_314' title='bbox 508 3979 578 4034; x_wconf 80' lang='grc' dir='ltr'><strong><em>κατὰ</em></strong></span> <span class='ocrx_word' id='word_1_315' title='bbox 593 3980 663 4034; x_wconf 74' lang='grc' dir='ltr'>θεὸν</span> <span class='ocrx_word' id='word_1_316' title='bbox 676 3983 811 4050; x_wconf 81' lang='grc' dir='ltr'><em>μοναχοῖο,</em></span> <span class='ocrx_word' id='word_1_317' title='bbox 828 3977 927 4032; x_wconf 67' lang='grc' dir='ltr'><em>οἵτινες</em></span> <span class='ocrx_word' id='word_1_318' title='bbox 938 3976 987 4030; x_wconf 85' lang='grc' dir='ltr'>τὸν</span> <span class='ocrx_word' id='word_1_319' title='bbox 999 3975 1101 4047; x_wconf 81' lang='grc' dir='ltr'><em>κόσμον</em></span> <span class='ocrx_word' id='word_1_320' title='bbox 1113 3981 1222 4057; x_wconf 76' lang='grc' dir='ltr'><em>ἔφυγον.</em></span> 
     </span>
     <span class='ocr_line' id='line_1_38' title="bbox 12 4055 1220 4138; baseline 0.005 -18"><span class='ocrx_word' id='word_1_321' title='bbox 12 4055 13 4058; x_wconf 57' lang='grc'>’</span> <span class='ocrx_word' id='word_1_322' title='bbox 75 4065 266 4138; x_wconf 78' lang='lat' dir='ltr'>Hertabergius</span> <span class='ocrx_word' id='word_1_323' title='bbox 284 4085 310 4138; x_wconf 86' lang='lat' dir='ltr'>p.</span> <span class='ocrx_word' id='word_1_324' title='bbox 325 4071 371 4122; x_wconf 81' lang='grc'>120</span> <span class='ocrx_word' id='word_1_325' title='bbox 390 4083 423 4122; x_wconf 87' lang='lat' dir='ltr'>err</span> <span class='ocrx_word' id='word_1_326' title='bbox 440 4067 565 4123; x_wconf 89' lang='lat' dir='ltr'>uersibus</span> <span class='ocrx_word' id='word_1_327' title='bbox 583 4066 684 4122; x_wconf 89' lang='lat' dir='ltr'>ultimis</span> <span class='ocrx_word' id='word_1_328' title='bbox 700 4066 770 4121; x_wconf 83' lang='lat' dir='ltr'>salso</span> <span class='ocrx_word' id='word_1_329' title='bbox 784 4064 942 4121; x_wconf 84' lang='lat' dir='ltr'>sententiam</span> <span class='ocrx_word' id='word_1_330' title='bbox 955 4063 1106 4133; x_wconf 80' lang='lat' dir='ltr'>generalem</span> <span class='ocrx_word' id='word_1_331' title='bbox 1120 4067 1220 4126; x_wconf 89' lang='lat' dir='ltr'>elicuit.</span> 
     </span>
    </p>
   </div>
   <div class='ocr_carea' id='block_1_7' title="bbox 0 0 1472 4690">
    <p class='ocr_par' dir='ltr' id='par_1_7' title="bbox 0 0 1472 4690">
     <span class='ocr_line' id='line_1_39' title="bbox 0 0 1472 4690; baseline 0 4"><span class='ocrx_word' id='word_1_332' title='bbox 0 0 1472 4690; x_wconf 95' lang='lat' dir='ltr'> </span> 
     </span>
    </p>
   </div>
  </div>
 </body>
</html>
