2938 4688
516 380 548 434 de
566 381 657 435 Babrii
676 365 773 434 aetate.
1161 369 1221 430 135

72 556 194 644 pendet
215 556 374 622 sententia
396 554 515 619 nullam
539 553 637 619 habet
659 573 721 619 non
745 552 839 619 modo
854 551 1086 635 necessitatem,
1109 549 1167 618 sed
1183 569 1223 616 ne
1291 617 1296 651 ¹,

73 661 221 726 umbram
249 657 377 741 quidem
401 655 650 740 probabilitatis:
679 675 753 720 nam
766 656 872 740 'plane
899 653 988 720 aliud
1016 659 1065 720 θεῖ
1095 652 1223 719 fabulas

72 763 240 846 Aesopeos
262 767 414 841 tanquam
437 765 657 825 ornamentum
680 758 876 840 quibuslibet
896 757 1053 842 poematis
1069 755 1160 838 quasi
1176 755 1221 821 in·
1289 746 1291 755 ’

73 872 185 932 texere
199 899 240 910 -
258 863 293 928 id
317 863 402 945 quod
425 859 640 926 Callimachus
662 860 747 944 fecit,
770 867 806 927 ut
828 861 920 927 multi
941 866 1017 926 autc
1039 878 1112 926 eum
1127 857 1150 941 ¹)
1174 893 1222 940 -,

74 967 164 1035 aliud
185 965 263 1053 ipsis
278 965 395 1030 fabulis
411 964 567 1048 Aesopeis
589 962 776 1044 singillatim
802 962 986 1050 compositis
1008 980 1125 1028 nouum
1147 980 1223 1044 poe·
1282 988 1283 1009 r

74 1061 119 1136 sis
148 1089 249 1154 genus
279 1067 431 1150 condere,
461 1064 546 1150 quod
569 1066 680 1132 Babrii
707 1067 794 1149 apud
823 1067 962 1134 Graecos
990 1073 1039 1134 est
1067 1064 1223 1130 meritum.
1336 1127 1340 1131 .

75 1171 208 1238 Eodem
221 1173 287 1237 iere
308 1171 387 1252 iure,
410 1189 472 1252 quo
496 1174 570 1236 ante
591 1167 823 1234 Callimachum
845 1170 1012 1253 Bergkius,
1035 1173 1110 1234 ante
1126 1166 1222 1233 Stesi-
1284 1166 1285 1175 ’

75 1275 208 1340 chorum
223 1272 420 1340 Simonidem
443 1279 564 1338 ceteros
588 1270 641 1352 qui
665 1271 858 1337 carminibus
880 1273 946 1338 suis
963 1272 1090 1338 fabulas
1104 1271 1223 1336 inseru-

76 1383 177 1458 erunt,
200 1376 351 1442 Babrium
375 1374 494 1440 uixisse
516 1372 705 1440 concludere
726 1372 847 1458 possis:
871 1395 974 1458 neque
1000 1374 1085 1442 cuim
1106 1373 1138 1438 in
1154 1392 1224 1456 pro-

77 1481 181 1547 oemio
203 1479 235 1543 ΙΙ
257 1498 295 1544 eo
313 1477 448 1542 Babrius
469 1474 632 1558 gloriatur,
657 1476 741 1557 quod
764 1476 944 1545 oholiambo
964 1481 1078 1559 utatur,
1102 1472 1161 1542 sod
1175 1494 1224 1556 eo,

77 1583 163 1664 quod
178 1580 297 1665 Aesopi
317 1580 443 1645 fabulas
466 1577 633 1662 pedestres
652 1579 795 1646 uersibus
811 1579 1090 1662 concinnauerit2).
1130 1579 1224 1644 Prae-

77 1691 166 1751 terea
181 1683 258 1766 quid
272 1701 331 1748 nos
346 1681 489 1764 impedit,
512 1681 679 1761 quominus
694 1681 847 1747 Babrium
863 1681 1052 1748 Callimachi
1068 1681 1142 1747 illos
1158 1699 1224 1747 uer-

78 1787 195 1853 siculos
216 1785 335 1869 fugisse
357 1781 527 1869 putemus‘?
573 1781 665 1850 Certe
686 1803 751 1849 non
772 1783 952 1868 impediunt
973 1782 1105 1866 Bergkii
1126 1782 1226 1848 uerba

78 1888 214 1956 decretis
229 1906 325 1969 quam
341 1883 536 1966 argumentis
551 1884 718 1952 similiora:
742 1879 805 1951 ‘we
822 1893 906 1952 must
920 1885 1042 1972 wholly
1056 1885 1158 1970 reject
1171 1884 1226 1950 the

77 1991 152 2058 idea
174 1991 208 2056 ol
228 2011 292 2074 any
314 1986 491 2073 pretended
512 1987 685 2071 ignoranoe
707 1989 741 2054 ol
761 1987 811 2054 his
837 1987 1077 2073 predecessore,
1105 2008 1141 2054 or
1163 2007 1226 2071 any

79 2095 154 2159 vain
177 2092 361 2172 overrating
382 2090 419 2157 of
437 2091 486 2155 his
509 2109 581 2155 own
596 2108 722 2172 powers
738 2092 771 2155 oi
784 2089 839 2157 the
854 2095 939 2174 post,
962 2091 1011 2157 for
1025 2090 1066 2156 he
1081 2088 1226 2174 strongly

77 2196 222 2262 declares
245 2194 323 2278 that,
347 2194 378 2258 in
401 2193 558 2259 imitation
580 2195 613 2258 of
633 2192 708 2274 him,
732 2193 822 2258 other
842 2193 968 2260 writers
993 2212 1079 2260 were
1097 2191 1226 2259 excited

77 2307 109 2365 to
133 2319 151 2362 a
174 2295 296 2365 similar
317 2296 442 2381 species
465 2296 500 2361 of
517 2287 648 2381 poetry?
688 2295 804 2360 Parum
827 2295 924 2380 igitur
939 2303 1059 2362 certum
1075 2301 1124 2362 θεῖ
1140 2294 1226 2379 quod

14 2475 17 2481 ,
78 2421 119 2466 ex
133 2399 244 2465 Babrii
257 2399 323 2465 illis
339 2405 371 2464 et
386 2398 575 2465 Callimachi
589 2397 735 2464 uersibus
753 2397 911 2479 Bergkius
926 2398 1080 2464 conclusit
1088 2399 1124 2480 3).
1155 2396 1225 2476 Quo

78 2502 171 2584 quasi
200 2501 305 2568 medio
334 2521 413 2574 sano
436 2499 539 2567 soluto
562 2501 711 2567 uniuersa
732 2500 981 2568 ratiocinationis
1003 2499 1089 2567 illius
1112 2519 1224 2566 conca-

77 2605 221 2687 meratio,
244 2605 323 2669 satis
344 2604 402 2669 illa
417 2603 545 2686 quidem
561 2623 618 2688 per
632 2623 667 2668 se
683 2602 767 2683 laxa,
789 2622 853 2668 una
870 2602 1023 2668 concidit:
1049 2601 1226 2669 Alexandri

166 2795 189 2854 t)
211 2789 273 2843 Duo
291 2787 448 2844 Callimachi
469 2788 618 2857 fragmenta
642 2787 771 2843 habemus
789 2787 856 2842 haec
874 2799 918 2854 (a
935 2791 968 2842 93
986 2787 1080 2847 Schn..
1108 2787 1225 2842 Meinek.

78 2873 497 2942 cheliumbp.157,V11.V111J:
519 2880 540 2927 l.
556 2872 650 2927 Ἄκουε
668 2871 701 2939 δὴ
718 2871 769 2925 τὸν
786 2872 876 2925 αἶνον·
895 2871 925 2926 iv
939 2892 1001 2925 κοτε
1021 2871 1124 2943 Τμώλῳ
1137 2878 1145 2941 ΙΙ
1160 2871 1227 2945 deiqu-

78 2981 129 3025 νην
148 2958 224 3030 ἑλαίῃ
242 2963 328 3011 νεῖκος
345 2957 373 3011 οἱ
389 2956 474 3012 πάλαι
491 2956 582 3012 Λυδοί
599 2961 608 3026 ll
628 2957 732 3030 λέγουσι
749 2958 909 3013 θέσθαι...
945 2963 969 3012 2.
991 2957 1046 3031 ἐγώ
1064 2956 1094 3012 δὲ
1111 2958 1227 3014 πάντων

77 3049 133 3112 εἰμὶ
156 3041 294 3116 δενδρέων
316 3041 405 3113 φαύλη
422 3043 447 3114 ll:
473 3060 541 3113 qnae
562 3044 628 3113 quin
650 3059 684 3098 ex
701 3044 794 3098 eadem
810 3043 905 3099 fabula
923 3046 1081 3114 deprompta
1100 3045 1155 3098 siut
1172 3061 1227 3098 non

77 3130 213 3185 dubitabis
232 3129 331 3184 collata
348 3130 411 3184 Aes.
430 3129 520 3183 Halm.
538 3129 558 3184 f.
574 3131 621 3184 ltu
636 3129 758 3184 =Walz
775 3129 843 3183 rhet.
863 3130 910 3183 Gr.
930 3129 950 3194 Ι,
969 3145 995 3198 p.
1009 3134 1056 3184 267
1076 3129 1226 3196 (Nicolaus)
1245 3175 1249 3183 u

77 3222 105 3270 et
124 3214 215 3270 Babrii
233 3219 275 3269 64.
312 3214 444 3269 Fabulam
469 3217 559 3269 autem
584 3215 657 3269 illam
682 3229 751 3282 quae
769 3214 926 3269 Callimachi
950 3231 1005 3270 una
1029 3215 1108 3271 nobis
1126 3215 1226 3270 tradita

77 3307 135 3366 est,
162 3301 290 3354 insertam
307 3301 392 3355 fuisse
411 3300 523 3354 carmini
540 3301 643 3365 maiori,
661 3301 721 3369 ipsa
736 3296 830 3352 Ἄκουε
848 3297 881 3366 δὴ
898 3298 948 3353 τὸν
966 3301 1045 3353 αἶνον
1068 3302 1152 3356 uerba
1170 3303 1225 3356 cla·

76 3391 165 3450 mant,
188 3400 257 3452 quae
280 3385 397 3440 formula
421 3385 487 3440 satis
510 3385 649 3456 popularis
672 3400 728 3439 non
748 3384 892 3440 adhibetur
908 3385 961 3439 nisi
977 3385 1030 3441 hac
1047 3388 1166 3453 ratione,
1190 3387 1225 3442 ci.

75 3472 173 3539 Eurip.
184 3470 241 3525 Ion.
253 3474 315 3524 336:
335 3468 413 3523 ἄκουε
431 3467 465 3538 δὴ
481 3469 531 3524 τὸν
545 3470 639 3537 μῦθον
651 3476 678 3524 θῖ
686 3470 750 3524 Ηθθ.
762 3473 811 3524 834
821 3469 914 3539 Suppl.
926 3475 973 3526 857
984 3471 1040 3526 lou.
1053 3477 1129 3528 1539:
1148 3470 1227 3526 ἄκουε

77 3551 119 3621 δή,
142 3555 212 3609 Plat.
227 3554 307 3624 Gorg.
319 3561 368 3610 523
378 3557 417 3610 A:
434 3551 512 3608 ἄκουε
530 3552 563 3622 δὴ
573 3595 579 3608 .
590 3596 597 3608 .
609 3553 694 3624 ,μάλα
710 3553 793 3608 καλοῦ
811 3554 899 3628 Myoo,
917 3555 985 3610 Tim.
996 3561 1028 3610 20
1040 3557 1078 3613 D:
1097 3558 1175 3611 ἄκουε
1193 3555 1227 3624 δὴ
1272 3567 1273 3570 ’

77 3679 100 3692 ..
114 3679 120 3692 .
133 3637 212 3711 λόγον
222 3678 228 3690 .
240 3678 246 3692 .
258 3679 264 3694 .
274 3635 386 3705 ἀτόπου,
404 3655 481 3709 prou.
492 3642 585 3712 appi,
598 3647 629 3696 14
641 3641 897 3711 (paroemiogrr.1p.
909 3645 982 3704 salt:
1001 3638 1080 3696 ἄκουε
1098 3642 1131 3710 δὴ
1143 3643 1225 3695 κακοῦ

76 3721 172 3796 λόγου,
196 3739 266 3793 quae
290 3739 325 3778 err
346 3725 503 3780 Archilochi
527 3727 621 3796 epodis
640 3727 799 3796 deprompto
820 3742 879 3783 csse
896 3727 1029 3796 Bergkius
1047 3729 1111 3798 lyrr.
1130 3745 1157 3797 p.
1177 3731 1225 3784 732

77 3811 187 3866 conicit.
219 3809 425 3890 Similimratione
441 3811 562 3865 fabulam
575 3812 727 3881 Aesopeam
738 3812 767 3866 in
779 3813 944 3881 tragoediam
956 3813 1065 3867 induxit
1075 3813 1226 3884 Aeschylus

76 3895 111 3950 fr.
126 3893 276 3948 laabim:
297 3891 347 3947 εὗδ’
360 3897 418 3949 ἐστὶ
435 3894 539 3963 μύθων
557 3899 615 3950 τῶν
633 3899 813 3965 Accusanda
829 3895 903 3950 nidos
920 3894 976 3951 κτλ.
1002 3897 1116 3952 Rectum
1134 3898 1167 3953 de
1184 3899 1225 3953 his

76 3980 187 4050 quidem
204 3979 375 4047 Hortabergii
392 3986 434 4035 est
451 3980 579 4037 iudicium
597 3998 623 4051 p.
645 3986 701 4037 162.

165 4069 191 4130 2)
208 4063 268 4118 Hoc
278 4064 404 4119 concludi
412 4068 502 4133 potest
511 4082 545 4121 ex
554 4082 673 4135 prooem.
684 4067 711 4120 II
720 4083 747 4121 u.
758 4071 831 4134 1-8‚
842 4067 902 4120 coll.
913 4068 1055 4135 prooeml
1068 4085 1113 4124 uu.
1123 4074 1153 4125 16
1168 4085 1226 4140 sqq.

164 4152 190 4214 3)
199 4148 346 4204 ¹assensus
364 4153 405 4203 θεῖ
418 4150 442 4203 ei
456 4166 525 4204 unus
534 4151 670 4220 Wagener
679 4147 814 4220 ‘rapports
830 4156 906 4207 entre
920 4154 960 4208 les
976 4147 1135 4224 apologues’
1145 4171 1172 4226 p.
1187 4161 1226 4210 14.
