2934 4690
516 312 549 368 ds
566 313 660 370 Babrii
677 315 776 370 aetate.
1161 313 1219 376 221

79 483 147 550 dam
174 505 246 552 eum
269 483 480 568 euocat31sd
501 483 614 568 anguis
636 492 748 552 cautus
769 484 865 552 fidem
883 503 1059 571 pacemque
1074 497 1145 554 esse
1160 509 1223 556 non

79 605 169 672 posse
192 585 285 670 dicit,
308 586 385 652 dum
407 587 535 653 bustum
557 585 616 652 filii
637 587 708 671 ille,
731 588 801 674 ipse
823 607 937 655 saxum
959 589 1081 655 laesum
1104 587 1222 657 uideat.

78 689 177 754 Exilis
199 693 249 754 est
271 689 411 755 narratio
433 707 538 770 neque
562 709 616 755 cur
638 690 834 772 agricolam
856 689 968 772 anguis
984 688 1157 756 amicitiam
1174 711 1221 757 re-

79 790 141 856 dire
163 788 243 856 uelit
264 789 347 856 bene
369 790 566 873 intellegitur
579 789 716 877 (Benfey
730 791 880 858 Pantsch.
895 790 911 854 Ι
928 812 958 876 p.
976 791 1061 874 360),
1085 793 1145 860 nisi
1159 793 1220 860 for-

77 898 157 958 tasse
185 892 219 956 in
246 891 309 957 hac
338 891 467 973 quidem
494 892 624 960 fabulae
651 893 753 960 forma
783 893 825 960 de
851 891 926 960 dolo
949 899 981 959 et
1002 894 1088 958 mala
1109 893 1221 964 fraude

78 993 277 1077 cogitandum
300 997 359 1060 θεῖ.
403 994 472 1059 Iam
495 995 640 1061 conferas
663 995 751 1062 Rom.
771 995 811 1080 Il,
831 999 865 1059 11
885 1025 924 1046 a
940 993 1076 1062 Phaedr.
1100 995 1220 1064 Dressl.

77 1116 144 1180 app.
160 1095 218 1178 ΙΙΙ,
235 1097 291 1160 29:
310 1088 365 1160 ‘In
388 1094 483 1161 domo
507 1093 672 1161 cuiusdam
692 1095 841 1181 pauperis
867 1095 977 1164 uenire
1000 1115 1126 1181 semper
1147 1118 1219 1167 con·

75 1203 220 1262 sueuerat
243 1215 375 1280 serpens
397 1195 440 1262 ad
463 1215 606 1264 mensam
628 1197 696 1263 eius
719 1203 751 1264 et
772 1195 848 1264 inde
869 1196 1039 1265 fouebatur
1060 1219 1101 1265 ex
1120 1201 1220 1269 micis.

75 1300 143 1365 Non
164 1300 262 1381 longo
284 1303 357 1383 post
378 1304 520 1384 tempore
543 1297 650 1382 <diues
669 1301 801 1366 effectus
817 1303 866 1365 est
879 1318 1010 1383 pauper.
1047 1300 1219 1387 Dehinc>¹)

75 1399 177 1484 coepit
200 1397 344 1486 [pauper]
367 1399 462 1467 irasci
485 1401 634 1486 serpenti,
658 1419 752 1483 quem
774 1401 877 1466 securi
894 1401 1081 1469 uulnerauit.
1119 1404 1219 1471 Inter-

74 1503 175 1586 posito
198 1509 342 1584 tempore
364 1501 419 1569 ille
442 1499 484 1567 ad
506 1508 681 1585 egestatem
699 1501 803 1568 rediit.
841 1503 884 1567 At
898 1501 953 1568 ubi
969 1503 1135 1588 intellexit,
1158 1508 1218 1573 for·

74 1609 146 1670 tuna
169 1604 326 1689 serpentis
347 1602 410 1669 hoc
430 1601 587 1669 accidisse
611 1600 656 1688 [et
678 1623 775 1670 causa
795 1603 882 1670 illius
898 1601 1030 1672 diuitem
1046 1604 1114 1672 fieri
1130 1613 1218 1674 ante·

74 1726 166 1789 qnam
194 1707 237 1772 ab
266 1706 321 1772 illo
349 1702 553 1790 laceraretur]
582 1706 669 1772 uenit
691 1703 866 1788 deprecans
888 1712 922 1771 ut
943 1705 1123 1787 ignosceret
1144 1727 1227 1792 pec·

74 1809 164 1874 canti.
202 1807 320 1876 Contra
342 1811 387 1878 sic
409 1827 541 1894 serpens
564 1807 609 1872 ait
632 1857 639 1873 .
664 1798 716 1874 .³.
756 1808 793 1872 In
816 1806 878 1874 hac
891 1807 1002 1874 tabula
1017 1810 1139 1893 anguis,
1163 1811 1218 1892 qui

75 1910 157 1992 apud
172 1912 325 1978 Babrinm
347 1911 426 1977 nihil
450 1917 500 1978 est
520 1909 581 1974 nisi
604 1908 733 1994 animal,
755 1930 813 1995 pro
839 1908 996 1977 daemone
1019 1910 1155 1978 habetur
1177 1933 1217 1980 ex

73 2001 231 2080 nobilibus
253 2021 397 2082 uetemm
418 2010 626 2096 religionibus
636 2012 673 2092 ²),
697 2010 943 2094 uniuersumque
966 2009 1034 2075 eius
1050 2030 1216 2096 argumen-

73 2118 135 2179 tum
158 2115 307 2196 quamuis
328 2116 444 2182 misere
465 2111 616 2180 traditam
638 2111 767 2178 uberius
783 2119 832 2178 θεῖ
847 2117 879 2178 θῖ
894 2110 1095 2180 concinnius:
1119 2133 1217 2197 quare

74 2215 145 2295 quin
167 2217 322 2284 uetustior
343 2217 385 2310 sit
408 2221 439 2284 et
460 2215 565 2283 nerim
587 2213 727 2280 dubitari
745 2212 863 2295 nequit.
901 2211 967 2280 Sed
980 2214 1078 2296 plane
1092 2213 1218 2302 integra

73 2337 110 2382 ne
131 2317 213 2384 haee
236 2319 366 2400 quidem
388 2324 438 2386 θεῖ
459 2321 571 2400 torma,
594 2336 667 2382 nam
684 2317 802 2382 trustra
817 2335 946 2382 curnam
964 2314 1120 2383 irascatur
1134 2319 1216 2400 agri·

73 2418 140 2484 oola
161 2420 301 2505 serpenti
324 2420 515 2504 quaerimus.
554 2417 815 2502 supplementum
831 2424 976 2502 repetere
991 2435 1159 2500 possumus
1175 2440 1216 2485 ax

72 2518 335 2588 Pantsohatantra
354 2523 410 2605 Ill,
428 2527 446 2587 5
469 2520 544 2604 (nol.
560 2520 592 2585 ΙΙ
606 2540 637 2604 p.
655 2518 731 2604 244)
755 2524 786 2584 et
807 2536 849 2585 ex
871 2516 979 2588 sestis
1001 2517 1216 2586 Romanorum

74 2625 146 2706 144,
175 2622 230 2688 ubi
259 2629 314 2688 aut
341 2624 435 2690 homo
466 2619 584 2705 (Gest.)
607 2626 662 2687 aut
683 2618 822 2688 hominis
843 2617 927 2684 filius
950 2615 1128 2702 (Pantsch.)
1151 2639 1214 2688 ser-

71 2728 193 2805 pentem
221 2724 445 2791 interfecturus
472 2729 536 2808 est,
565 2729 601 2789 ut
628 2736 738 2789 omnes
761 2721 829 2788 eius
851 2719 981 2787 diuitias
1003 2719 1037 2787 in
1061 2721 1159 2788 cubili
1181 2729 1216 2810 ut

71 2829 157 2907 putat
180 2825 308 2892 abditas
329 2825 425 2894 simul
449 2822 618 2910 auferati).

71 2961 269 2971 *—

154 3047 178 3108 tt
195 3042 287 3098 Verba
304 3037 397 3098 ‘diues'
409 3082 415 3097 .
429 3083 435 3095 .
450 3037 587 3097 .‘Dehinc’
608 3056 642 3096 ex
658 3041 783 3096 Parisino
801 3041 822 3096 0
839 3040 949 3096 inserui.

152 3130 178 3194 2)
197 3127 238 3182 (ll.
253 3127 360 3182 Welek.
381 3125 509 3182 Goetterl.
524 3126 539 3179 Ι
553 3143 580 3196 p.
597 3131 629 3181 65
645 3141 702 3194 sqq.
717 3125 767 3192 al,
791 3125 883 3179 Herm.
902 3123 1038 3192 antiquitt.
1052 3123 1091 3188 Il,
1108 3127 1155 3192 20,
1173 3131 1215 3192 42,

72 3208 158 3279 Tylor,
172 3210 237 3266 Ant.
254 3211 279 3266 d.
295 3211 366 3266 Gult.
379 3211 414 3279 ΙΙ,
425 3215 484 3279 240,
502 3210 631 3276 Schmidt,
644 3208 810 3266 Volksleben
824 3225 851 3278 p.
862 3212 909 3265 485
920 3223 977 3276 sqq.
1013 3207 1154 3270 sollemnis
1173 3215 1215 3267 est

71 3295 160 3362 anguis
183 3296 212 3351 in
237 3297 337 3367 epulis,
361 3311 428 3366 quas
447 3295 545 3351 Graeci
567 3297 674 3350 ueteres
697 3293 726 3347 in
744 3293 831 3361 cippis
849 3292 1046 3362 sepulcralibus
1064 3292 1214 3362 exprimere

11 3387 12 3392 ’
71 3379 197 3449 solebant,
213 3381 248 3436 ef.
259 3381 360 3438 Friedl.
374 3381 409 3436 de
421 3397 464 3450 op.
477 3381 566 3449 anagl.
579 3396 606 3450 p.
618 3383 649 3434 39
659 3394 733 3448 sqq,
750 3376 928 3446 Pervanoglu‚
947 3377 1107 3438 Grabsteine
1125 3395 1151 3447 p.
1170 3385 1213 3445 4ο,

11 3471 13 3538 1
74 3467 108 3520 42.
130 3469 166 3519 43.
194 3465 236 3521 De
254 3465 385 3522 similibus
403 3465 534 3522 Italorum
551 3463 724 3534 religionibus
743 3463 831 3529 (Seru.
842 3463 877 3520 ad
886 3464 954 3522 Aen.
964 3463 998 3527 V,
1008 3465 1051 3529 95)
1063 3462 1126 3518 uide
1138 3462 1212 3520 Hen-

11 3547 12 3588 ἲ
70 3563 159 3604 aenum
176 3543 965 3617 Ann.de11’1nstrtut0raraetrlerblgtum‘Wanngem3p.
981 3553 1062 3616 lbsq.
1085 3545 1213 3618 Ἄλευρον

11 3669 12 3674 η
70 3626 140 3705 ὕδωρ
161 3641 206 3688 καὶ
222 3635 283 3705 μέλι
303 3651 380 3691 sacro
399 3635 495 3690 similia
512 3665 546 3674 -
563 3649 613 3704 pro
632 3633 730 3703 quibus
748 3630 832 3706 ἄρτον
849 3637 895 3685 καὶ
912 3627 977 3686 ἅλας
994 3630 1111 3686 Babrius
1128 3632 1211 3687 habet

71 3746 101 3756 -
117 3719 148 3774 F.
167 3726 213 3776 455
232 3721 313 3790 angui
332 3719 422 3776 offerri
440 3721 492 3786 (lac
514 3721 544 3774 in
561 3718 688 3774 Pantsch.
707 3723 735 3773 et
753 3718 826 3773 (lest.
842 3717 919 3772 Rom.
939 3719 997 3780 444)
1016 3718 1090 3768 recte
1107 3717 1213 3770 monuit

11 3799 12 3874 f
71 3800 183 3860 Zuendel
200 3805 272 3860 Mus.
291 3805 421 3870 Rhenv,
437 3810 487 3860 442
506 3805 606 3871 (Herm.
621 3803 756 3871 antiquitt.
773 3801 813 3869 ΙΙ,
830 3806 876 3866 25,
894 3805 949 3866 18),
972 3798 1019 3852 sed
1038 3812 1071 3852 ex
1089 3814 1121 3854 eo
1139 3801 1212 3869 quod

72 3889 159 3954 anguis
177 3891 292 3946 daemon
310 3893 358 3952 est,
377 3889 572 3960 aegyptiacam
588 3887 709 3943 fabulam
727 3903 787 3943 esse
804 3885 878 3941 nullo
895 3885 954 3938 iure
972 3882 1113 3937 conclusit.

149 3979 174 4039 3)
192 3975 326 4030 Fabulam
343 3989 377 4027 ex
393 3974 472 4033 India
489 3975 517 4028 in
535 3973 677 4028 Graeciam
694 3971 855 4026 translatam
876 3983 934 4024 esse
951 3967 1080 4024 Benlmus
1098 3974 1209 4025 eonten-

11 4063 12 4108 3
72 4053 109 4108 dit
118 4055 242 4115 Pantsch.
253 4060 302 4128 lp.
314 4061 363 4112 ast
381 4059 545 4113 assentiente
558 4058 667 4114 Kellero
684 4073 712 4126 p.
722 4059 780 4121 348,
798 4054 933 4116 mutilatas
952 4052 1023 4110 enim
1035 4065 1095 4108 esse
1107 4051 1209 4110 formas

11 4153 12 4156 ’
117 4151 228 4206 Leipziger
241 4153 342 4196 Studien.
369 4149 396 4192 11.
975 4160 1005 4208 15
