2938 4688
249 387 310 449 130
402 453 407 458 ,
729 385 793 440 Otto
812 384 923 440 Orusius

209 567 215 572 '
247 561 364 630 iambis
386 559 523 626 Babrius
546 564 691 643 repetens
713 559 746 624 in
769 557 833 624 duo
855 558 1018 625 uolumina
1038 560 1209 643 coartauit3
1231 560 1406 627 Phaedrus

248 665 346 731 etiam
372 668 495 748 partem
524 661 665 741 aliquam
690 660 830 742 quinque
851 662 884 726 in
907 662 1034 728 libellos
1057 653 1221 729 resoluit':
1251 662 1306 728 ubi
1328 663 1407 746 ipsa

247 766 458 835 collocatione
473 762 624 827 Babrium
647 769 722 830 ante
738 763 921 831 Phaedrum
944 764 1064 831 uixisse
1085 762 1220 835 indicari
1242 766 1405 850 opinatur.

248 870 314 936 Sed
337 888 376 935 ea
390 873 513 932 tantum
528 866 689 948 excerpsit
704 885 745 932 ex
760 868 830 933 loco
845 867 902 934 illo
919 886 1001 949 quae
1016 866 1194 933 sententiae
1210 887 1287 933 suae
1303 867 1404 952 prod-

249 977 355 1037 essent
367 967 405 1053 1);
428 987 466 1034 en
482 966 584 1034 habes
599 966 772 1053 integrum:
792 963 900 1037 ‘huius
916 989 992 1053 ergo
1008 968 1161 1036 materiae
1177 970 1291 1035 ducem
1306 971 1405 1037 nobis

248 1079 409 1154 Aesopum
432 1070 569 1154 noueris,
593 1070 647 1151 qui
668 1090 820 1157 responso
844 1071 992 1156 Delphici
1014 1072 1172 1157 Apollinis
1198 1071 1335 1138 monitus
1360 1073 1404 1137 ri-

248 1175 355 1241 dicula
377 1193 466 1240 orsus
490 1177 553 1256 est,
581 1178 616 1238 nt
638 1173 803 1254 sequenda
831 1172 981 1240 firmaret.
1023 1175 1141 1241 Verum
1169 1174 1229 1240 has
1257 1195 1315 1259 pro
1346 1195 1403 1240 ex-

248 1277 354 1361 emplo
384 1275 510 1342 fabulas
538 1281 570 1342 et
592 1274 740 1341 Socrates
770 1275 886 1342 diuinis
915 1278 1063 1361 operibus
1073 1276 1099 1360 ²)
1124 1275 1241 1342 indidit
1269 1282 1301 1342 et
1323 1297 1404 1361 poe·
1456 1301 1457 1356 i

248 1378 326 1444 mati
348 1397 406 1444 suo
421 1378 557 1444 Flaccus
580 1379 712 1462 aptauit
735 1378 821 1463 quod
843 1379 876 1444 in
899 1399 934 1447 se
954 1381 1013 1446 sub
1029 1380 1170 1445 iocorum
1185 1378 1404 1444 communium

248 1481 355 1566 specie
370 1481 456 1546 uitae
467 1486 656 1565 argumenta
672 1482 859 1547 contineant.
887 1481 975 1560 Quas
986 1481 1119 1548 Graecis
1134 1481 1250 1547 iambis
1262 1481 1404 1548 Babrius

247 1589 421 1668 repetens.
441 1631 447 1647 .
468 1633 474 1648 .
494 1583 666 1667 coartauit;
694 1583 860 1650 Phaedrus
888 1583 985 1649 ctiam
1004 1632 1012 1649 .
1032 1632 1039 1649 .
1061 1635 1067 1649 .
1087 1575 1237 1650 resoluit'.
1284 1584 1404 1650 Nonne

247 1686 391 1752 Auianus
415 1684 442 1749 si
465 1684 593 1765 quidem
616 1686 768 1769 temporis
790 1685 946 1752 rationem
967 1685 1089 1768 habuit,
1114 1685 1147 1752 in
1170 1686 1316 1753 uniuerso
1339 1686 1404 1752 hoc

248 1790 319 1856 loco
343 1785 490 1853 habuerit
511 1805 643 1852 necesse
667 1787 738 1852 est?
776 1785 868 1866 Quod
891 1788 918 1853 si
933 1789 1112 1871 statuimus,
1134 1789 1230 1869 longe
1245 1789 1337 1854 aliter
1352 1795 1402 1853 at-

249 1909 312 1972 que
335 1888 597 1955 Schneidewinus
619 1888 702 1955 inter
714 1888 854 1957 Phaedri
874 1889 1025 1971 (Tiberii)
1050 1897 1082 1956 et
1097 1889 1220 1956 Horatii
1236 1889 1402 1974 (Augusti)

248 2001 394 2078 tempora
414 1990 566 2057 Babrium
589 1989 710 2057 uixisse
731 1998 845 2078 putare
864 1990 1027 2074 debemus,
1051 1991 1090 2058 of.
1107 1990 1286 2058 Knochium
1300 2013 1331 2076 p.
1348 1995 1401 2060 28.

249 2095 315 2163 Sed
337 2094 479 2161 ordinem
501 2099 666 2177 poetarum
684 2094 825 2158 Auianus
841 2095 968 2160 omnino
990 2092 1165 2160 secundum
1188 2101 1314 2178 tempus
1335 2115 1402 2160 non

249 2197 420 2278 constituit,
443 2195 539 2261 immo
556 2215 596 2262 ex
611 2195 740 2261 natione
756 2197 836 2279 sola,
859 2196 905 2261 ita
923 2195 1062 2279 quidem,
1084 2201 1119 2260 ut
1134 2196 1275 2262 Graecos
1294 2195 1402 2280 priore

248 2299 319 2367 loco
341 2297 493 2378 nominet,
516 2297 691 2381 posteriore
715 2299 889 2364 Romanos:
918 2299 980 2365 duo
1003 2305 1110 2364 autem
1136 2297 1220 2363 inter
1243 2317 1277 2364 se
1301 2317 1398 2383 oppo-

249 2403 312 2468 suit
335 2401 524 2485 scriptomm
547 2401 639 2482 quasi
660 2400 760 2485 paria,
783 2401 870 2485 prius
892 2399 973 2466 illud
997 2397 1160 2465 Socratem
1184 2407 1216 2466 et
1232 2399 1402 2465 Horatium

250 2503 423 2587 continens,
447 2503 671 2570 celeberrimos
694 2522 735 2568 ex
756 2502 812 2586 iis,
839 2503 894 2584 qui
916 2501 1066 2587 operibus
1090 2503 1155 2567 suis
1178 2502 1269 2584 quasi
1292 2501 1402 2567 condi-

250 2613 390 2674 mentum
419 2605 610 2690 asperserint
637 2606 780 2689 t'abulas‚
816 2605 974 2691 posterius
1000 2604 1153 2672 Babrium
1182 2603 1337 2670 exhibens
1369 2610 1403 2670 et

249 2707 431 2776 Phaedrum
460 2707 493 2772 in
520 2707 600 2792 ipsis
629 2709 746 2773 fabulis
773 2706 1002 2792 componendis
1030 2714 1128 2772 totam
1154 2727 1286 2791 operam
1308 2726 1403 2773 suam

251 2811 451 2877 collocantes.
489 2809 577 2875 Nihil
592 2809 688 2895 igitur
703 2809 745 2877 dc
759 2809 871 2876 Babrii
885 2816 991 2876 aetate
1006 2809 1211 2894 consequitur
1226 2829 1267 2874 ex
1282 2808 1403 2874 Auiani

250 2914 306 2980 illo
329 2912 410 2978 loco.

335 3016 508 3080 Praeterea
531 3012 793 3094 Schneidewinus
816 3034 856 3081 ex
879 3013 969 3081 initio
991 3013 1147 3100 prooemii
1169 3015 1214 3080 ll:

426 3134 553 3208 Μῦθος
574 3135 644 3215 μέν,
669 3117 694 3196 ὦ
717 3145 785 3198 παῖ
803 3134 970 3216 βασιλέως
991 3125 1219 3219 Ἀλεξάνδρου,

425 3233 540 3322 Σύρων
562 3235 718 3300 παλαιῶν
742 3231 831 3300 ἐστὶν
854 3227 964 3322 edosp’
991 3227 1186 3322 ἀνθρώπων

250 3355 403 3422 Babrium
419 3354 534 3439 Syrum
557 3353 655 3421 fuisse
677 3353 848 3438 concludit,
871 3354 990 3440 quippe
1013 3356 1068 3438 qui
1083 3353 1182 3439 Syros
1203 3354 1330 3422 fabulas
1353 3356 1400 3420 in·

251 3459 379 3525 uenisse
401 3476 481 3523 unus
503 3457 644 3523 omnium
673 3456 787 3523 tradat.
834 3460 947 3542 Itaque
969 3478 1041 3524 oum
1062 3454 1247 3523 Alexander
1268 3456 1323 3522 ille
1346 3463 1404 3522 aut

206 3643 226 3655 l
250 3558 437 3626 Alexander
458 3560 473 3623 l
495 3559 593 3624 Balas
615 3557 709 3626 fuerit
731 3565 785 3624 aut
801 3560 985 3627 Alexander
1006 3559 1038 3625 ll
1060 3559 1190 3642 Zcbina,
1213 3558 1246 3623 in
1268 3558 1402 3630 alterius
1452 3597 1453 3652 q

176 3660 196 3684 “
252 3683 281 3728 a.
304 3662 377 3730 Chr.
400 3682 431 3725 n.
460 3662 581 3727 saeculi
608 3662 784 3747 posteriore
815 3668 905 3747 parte
932 3682 1004 3730 eum
1034 3660 1163 3729 uixisse.
1207 3661 1250 3727 At
1276 3659 1404 3746 Σύρους

341 3903 366 3964 1)
383 3899 454 3954 Miro
473 3898 665 3966 cogitationum
684 3911 817 3953 consensu
835 3897 906 3950 idem
921 3896 988 3951 feeit
1004 3896 1097 3952 Keller
1114 3897 1131 3950 l.
1142 3913 1162 3952 s.
1174 3913 1196 3952 s.
1451 3945 1452 3987 p

338 3987 365 4051 2)
384 3978 522 4039 ‘Oraoulis'
542 3983 655 4038 Lachm.
674 3981 797 4051 coniecit,
814 3979 998 4038 ‘sermonibus'
1018 3982 1158 4038 Frochner
1175 3980 1241 4036 satis
1259 3986 1334 4051 apte:
1354 3982 1404 4037 sed

253 4088 308 4126 non
326 4086 395 4140 opus
413 4072 456 4124 est
474 4068 649 4133 correctione,
667 4083 730 4122 nam
748 4067 877 4122 uertimur
891 4067 920 4121 in
937 4067 1044 4122 Auiano
1056 4063 1217 4122 ‘litterarum
1236 4065 1404 4122 Graecarum

253 4173 349 4225 parum
367 4151 461 4225 perito'
481 4153 592 4219 (Eberh.
606 4153 701 4222 obsp.
712 4157 747 4219 3).
