2934 4690
243 297 304 359 236
721 297 785 352 Otto
804 297 915 354 Gruslus

241 497 296 538 τοι
319 468 375 537 ἐπὶ
400 473 465 536 τιῦν
487 470 697 554 βουλομένων
722 455 757 535 εὖ
782 483 908 536 ποιεῖν·
938 470 971 536 οἱ
998 468 1061 557 γὰρ
1090 462 1219 558 ἥρωες
1247 471 1400 535 κακοῦν

172 631 175 638 .
227 573 405 656 ,ἕτοιμοι
428 572 585 655 μᾶλλον
607 561 628 659 ἢ
648 564 898 656 εὐεργετεῖν,
923 564 968 649 ὥς
984 595 1068 660 φησι
1084 570 1332 656 Μένανδρος
1357 569 1400 638 ἒν
1459 586 1460 608 ³

241 673 506 762 Συνεφήβοις
521 671 572 756 (fr.
590 677 648 737 447
666 673 722 756 Μ.)
734 657 746 740 λ
759 676 797 739 oi.
814 672 904 740 Suid.
920 693 945 740 s.
961 695 990 740 u.
1008 666 1066 739 οὐκ
1082 671 1149 756 εἰμὶ
1165 661 1281 775 saliet
1295 675 1399 741 schol.

240 777 337 843 Arist.
349 797 423 843 auu.
438 780 530 860 1490,
546 775 601 842 ubi
616 776 678 843 looi
689 774 876 843 Menandroi
891 774 959 858 (qui
971 775 1131 842 intercidit
1143 779 1278 860 exeepto
1289 775 1400 857 titulo)

242 878 426 964 explicandi
442 897 538 944 eausa
553 876 696 944 additur:
713 869 764 944 ότι
782 870 912 963 ἀγαθόν
927 875 1033 962 γάμον
1046 879 1208 960 χειμιῦνος
1219 875 1263 961 (λ)
1278 870 1295 942 ό
1311 874 1399 953 θεὸς
1460 937 1461 942 ,

242 979 388 1059 δίδωσιν,
407 971 478 1044 οὐδ’
497 971 622 1066 ἥρωσιν
638 978 686 1057 εἷς
700 981 799 1045 τοῦτο
816 977 897 1045 όόνο
897 1004 964 1062 μις,
987 972 1063 1044 όλλ)
1083 971 1346 1066 όιποπλήκτουςρ
1348 977 1398 1043 ιὲν

241 1093 352 1147 ποιεῖν
376 1078 547 1161 δύνανται,
578 1079 620 1147 τὸ
646 1080 688 1146 δὲ
714 1074 871 1170 (ὄφελός
903 1075 945 1147 αι’·
974 1053 1227 1169 nestoreos(
1251 1080 1397 1147 seduli

132 1263 148 1284 l
241 1183 436 1252 consulueris
459 1183 638 1269 Hesychs.
661 1189 866 1270 κρείττονας·
890 1181 967 1260 τοὺς
989 1176 1100 1300 ἥρωας
1123 1175 1209 1248 οότω
1233 1183 1395 1268 λέγουσιν.

242 1285 375 1352 δοκοῦσι
391 1285 426 1351 δὲ
444 1291 621 1383 κακωτικοί
643 1309 730 1362 τινες
753 1281 848 1351 εἶναι.
883 1283 939 1351 διὰ
961 1288 1059 1352 τοῦτο
1082 1286 1137 1350 καὶ
1161 1285 1194 1350 οι
1216 1282 1398 1372 παριόντες

241 1386 282 1452 τὰ
299 1383 393 1476 ἡριῦα
410 1385 503 1474 σιγὴν
519 1385 656 1469 ἐ’χουοιρ
644 1386 689 1474 μή
704 1413 737 1453 τι
751 1389 932 1477 βλαβωσι.
926 1374 1059 1452 ixat‘
1027 1412 1057 1453 οι
1081 1391 1160 1452 θεοι
1183 1385 1228 1451 δέ.
1248 1387 1397 1468 Αι-οχυ

242 1491 299 1568 λος
313 1489 442 1556 Αιτναί
430 1495 497 1566 ίοις
509 1479 555 1573 ¹;)
572 1488 713 1573 Aleiphr.
731 1507 780 1574 ep.
795 1491 853 1574 ΠΙ,
871 1493 910 1555 58
933 1493 1042 1576 τρέμω
1062 1486 1206 1554 ἐνδακὼν
1221 1512 1258 1553 το
1246 1485 1396 1571 χεῖλος,

158 1614 202 1664 s
242 1616 287 1670 ως
303 1617 335 1658 οι
350 1617 408 1658 τον
423 1583 604 1678 Σιγηλον
584 1615 653 1678 ηρω
676 1577 989 1679 παριόντεςςλΑΥἱεῒ.
1006 1612 1078 1658 auu.
1098 1595 1177 1657 1490
1193 1610 1263 1676 sqq
1287 1588 1316 1656 ει
1331 1615 1396 1677 γαρ

183 1771 188 1778 ‚
241 1693 368 1776 ιντόχοι
382 1717 434 1771 τις
448 1684 518 1781 ήρῳ
534 1690 545 1778 ll
561 1693 628 1757 τιῦι
641 1695 769 1778 βροτῶν
786 1691 909 1779 νύκτωρ
921 1687 995 1781 Ορέ
997 1714 1056 1780 οτῃ
1074 1693 1085 1779 ΙΙ
1101 1717 1153 1779 μοι
1140 1689 1222 1776 μνὸς
1236 1689 1275 1779 ἦν
1292 1693 1396 1781 πλη-

205 1791 365 1882 ⁴yslc‘
350 1819 403 1861 υπ
407 1786 1288 1879 αυτοόλΙπόντατόπιόέξιαοοωεοὴολ](ε
1303 1795 1395 1862 Suid.

241 1919 266 1966 s,
278 1921 308 1965 u.
321 1892 541 1986 '‘Oodorng)
508 1921 541 1962 οι
556 1889 662 1983 ἥρωες
677 1894 713 1960 δὲ
729 1894 925 1984 όυσόργητοι
940 1897 1186 1979 καὶχολεποὶ
1210 1909 1299 1974 τοῖς
1323 1892 1395 1979 ἒμ-

202 2028 204 2042 ·
240 1997 495 2080 πελάζουσιν
517 1994 662 2084 ἐγίνοντο
769 1995 820 2063 όιό
843 2022 900 2081 μοι
926 1999 1058 2064 δοκοῦσι
1082 1999 1136 2064 καὶ
1167 1997 1199 2063 οἱ
1228 1995 1269 2062 τὰ
1300 1993 1394 2086 ἡρῷα

240 2099 420 2188 παριόντες
449 2098 543 2187 σιγὴν
572 2098 671 2182 ε’χειν,
707 2093 752 2176 ὡς
781 2097 997 2220 Μυρτίλος’
984 2125 1017 2166 ιν
1049 2098 1261 2166 Τιτανόπασί
1291 2122 1395 2189 φησιν

242 2191 611 2289 (4ι.156Μ.)...ηότι
633 2227 672 2266 οι
691 2198 1015 2323 ἐντυγχάνοντες
1040 2201 1153 2279 νυκτὸς
1176 2193 1282 2322 ἥρωσι
1306 2202 1394 2269 ὄιέ-

242 2325 420 2395 οτρεφον
443 2301 514 2381 τὰς
526 2240 813 2389 όψεις;4Αῖλιθυ.
828 2305 885 2389 ΧΙ,
901 2309 973 2389 461,
993 2304 1073 2371 G..
1089 2302 1182 2372 ,διὰ
1204 2302 1277 2392 τὴν
1300 2296 1395 2383 όξό·

239 2432 340 2495 τητα
355 2408 425 2494 τῆς
440 2402 642 2492 επιφανελ
639 2428 696 2482 ος
710 2430 777 2470 των
793 2355 1001 2489 δαιμόνων..
1014 2402 1273 2492 ,χαλεποὺςγὰρ
1286 2407 1396 2496 πλήν·

240 2533 300 2586 τας
321 2506 398 2586 τοὺς
420 2500 531 2596 ἥρωος
554 2506 724 2590 νομιζουσι
746 2509 802 2572 καὶ
823 2509 950 2590 μᾶλλον
973 2506 1097 2592 νόκτωρ
1116 2497 1233 2595 ἥμεθ’
1251 2504 1396 2597 ἡμέραντ

241 2608 406 2678 Menandri
421 2610 478 2676 illa
499 2609 601 2693 (Com.
617 2610 669 2691 IV,
692 2631 723 2694 p.
744 2609 819 2693 204)
843 2615 910 2678 toto
934 2611 1022 2677 eaelo
1045 2610 1249 2679 aBahrianis
1272 2612 1396 2681 distare

240 2713 418 2797 intelleges,
442 2732 513 2779 oum
528 2711 677 2779 duxerint
692 2732 732 2778 ex
749 2732 787 2779 eo
803 2711 887 2794 quod
903 2716 1029 2778 ueteres
1044 2711 1172 2779 heroem
1190 2720 1395 2796 praesentem

241 2814 269 2882 si
283 2812 429 2880 uiderent
440 2815 612 2900 apoplexia
628 2814 679 2881 nel
694 2814 790 2880 simili
802 2814 887 2880 malo
903 2833 938 2881 se
954 2814 1068 2898 eorripi
1079 2814 1262 2882 eredebant.
1294 2815 1395 2885 Soho-

241 2915 318 2982 lium
341 2921 447 2983 autem
464 2914 744 2998 Aristophaneom,
767 2916 800 2982 in
822 2937 886 3000 quo
907 2915 1076 2983 Bahrianis
1098 2915 1261 2983 simillima
1284 2918 1395 3004 legun-

241 3025 301 3101 tur,
325 3022 357 3085 et
375 3017 480 3104 ipsum
502 3016 740 3086 reeentissimae
762 3017 877 3085 aetatis
900 3036 971 3083 esse
992 3017 1141 3085 uniuerso
1164 3017 1234 3084 eius
1256 3019 1395 3088 eifioitur

242 3126 361 3186 tenore.
406 3120 515 3186 Manet
543 3118 640 3204 igitur
661 3120 786 3204 Babrii,
816 3120 870 3204 qui
895 3113 1024 3185 ‘heroas
1046 3139 1118 3185 enm
1140 3118 1270 3188 diabolo
1294 3120 1395 3188 habet

242 3221 355 3288 eodem
378 3213 462 3289 loeo’
490 3220 613 3305 (Naber
633 3241 664 3306 p.
685 3219 770 3305 431),
794 3219 900 3306 opinio
922 3219 956 3284 in
979 3219 1062 3286 bona
1085 3221 1275 3302 antiquitate
1297 3223 1394 3308 plane

242 3321 420 3404 singularis.
464 3323 532 3388 Iam
559 3324 593 3388 in
622 3321 808 3390 memoriam
837 3341 951 3389 reuooo
974 3319 1111 3389 Iudaeos
1140 3329 1172 3389 et
1194 3323 1395 3392 christianos

328 3542 352 3606 l)
371 3538 442 3594 Hinc
460 3539 529 3594 falso
547 3539 676 3594 Weloher
692 3555 730 3609 gr.
749 3538 861 3594 (lotterl.
874 3539 914 3592 ΙΙΙ
930 3556 956 3609 p.
966 3543 1030 3595 hos:
1049 3535 1098 3594 ‘Es
1117 3539 1223 3595 soheint
1241 3539 1344 3596 darauf
1361 3573 1394 3581 -

242 3625 396 3694 opinionem
419 3623 485 3679 dicit
507 3639 591 3693 supra
614 3625 764 3694 expositam
782 3655 816 3663 -
834 3625 939 3678 sehon
956 3624 1153 3696 Aeschylos
1171 3625 1243 3680 nach
1261 3625 1322 3680 dem
1341 3643 1393 3681 ron

240 3709 389 3780 Hesychios
413 3726 440 3764 u.
463 3715 614 3782 κρείττονες
637 3707 815 3778 angeidhrten
841 3708 950 3777 Anieng
976 3709 1048 3765 eines
1075 3710 1235 3778 Fragments
1261 3725 1313 3764 aus
1341 3711 1394 3766 den

241 3796 458 3851 Aetnaeerinnen
476 3799 500 3860 (l
519 3794 612 3861 Dind.)
630 3793 781 3848 Rtolrsicht
797 3809 954 3862 genommen
972 3811 1006 3850 an
1023 3791 1130 3863 haben}
1148 3809 1211 3850 nam
1228 3800 1274 3846 καὶ
1289 3795 1317 3848 οἱ
1330 3796 1392 3848 θεοῖ

243 3877 273 3932 δὲ
294 3880 380 3935 uerba
403 3896 457 3935 uon
474 3886 537 3936 sunt
554 3879 698 3948 fragmenti
714 3878 833 3945 initium,
858 3895 920 3934 oum
941 3885 1005 3949 post
1021 3895 1054 3936 ea
1072 3879 1249 3950 supplendum
1266 3879 1393 3934 uideatur

243 3969 394 4036 κρείττονες
412 3963 536 4036 λέγονται
552 3965 598 4020 uel
615 3964 702 4019 simile
720 3963 796 4032 quid:
814 3979 903 4033 neque
919 3965 1002 4033 igitur
1020 3979 1089 4035 quae
1104 3965 1137 4021 de
1149 3963 1277 4019 heroibus
1290 3979 1391 4021 noeen-

245 4046 319 4100 tibus
337 4047 472 4115 dicuntur,
495 4049 529 4103 sd
547 4049 642 4103 ultima
660 4049 728 4104 haee
745 4048 839 4103 referri
857 4054 981 4117 possunt
