2934 4690
236 289 298 352 208
719 287 782 344 Otto
801 287 913 344 Orusius

236 463 397 528 τοσοῦτον
423 465 619 548 κακουργίας
646 462 702 526 καὶ
732 459 921 549 δεινότητος
950 464 1069 550 περιῆν
1098 453 1183 527 ὥστε
1211 483 1391 548 προσενεγ-

238 567 341 630 κοῦοα
363 560 422 650 τὴν
444 560 591 650 μηχανὴν
622 561 774 650 διέστησε
795 587 832 628 τε
854 555 942 627 ariani
965 564 1020 628 aui
1044 560 1178 650 ἐξέμηνε
1199 555 1271 628 κατ’
1293 554 1391 649 ἆλλή-

239 667 311 732 λοιν
332 666 389 730 καὶ
418 662 636 748 παραδέδωκε
663 666 711 748 τῴ
741 664 849 730 λέοντι
879 663 954 745 δίχα
982 662 1136 752 ἑκάτερον
1165 657 1310 753 εὐτρεπῆ
1338 666 1391 729 καὶ

240 762 373 833 εὔκολον
396 765 522 854 θήραν·
551 768 650 830 τοῦτο
676 763 737 848 μὲν
765 760 784 852 ἡ
814 768 874 831 τοῦ
895 764 1067 831 Αἰσώπου
1095 764 1199 854 κερὸιό
1229 767 1299 830 κτλ.
1343 766 1391 830 De

239 868 337 935 simili
357 868 507 936 Indorum
530 868 656 949 fabula,
685 866 718 931 in
741 886 805 948 qua
825 867 877 935 leo
900 874 1008 934 taurus
1030 868 1139 952 th0s1)
1161 866 1391 952 producuntur,

242 971 308 1054 egit
330 968 480 1036 Benfeius
501 969 685 1035 Pantschat.
708 970 724 1033 Ι
745 990 776 1055 p.
793 973 832 1034 93
856 969 953 1035 etiarn
976 969 1017 1037 de
1039 969 1171 1038 Graecis
1196 974 1282 1034 recte
1313 965 1390 1033 iudi-

240 1091 316 1137 cans
328 1070 364 1154 2).
400 1070 546 1137 ceterum
562 1070 695 1137 formam
711 1069 851 1136 Athoam
866 1091 930 1137 non
945 1070 1057 1139 deberi
1080 1070 1312 1153 diasceuastae,
1336 1067 1390 1134 sed

239 1173 358 1259 Babpio
383 1171 446 1257 ipsi
468 1192 539 1238 cum
557 1172 788 1257 paraphrastae
804 1171 973 1240 Bodleiani
988 1176 1008 1239 f.
1026 1176 1076 1257 36,
1099 1177 1165 1238 tum
1180 1171 1298 1237 Auiani
1313 1171 1335 1237 i.
1354 1173 1389 1235 18

238 1273 419 1340 testimonio
442 1272 584 1340 efficitur.

321 1375 403 1442 Fab.
420 1379 471 1459 53,
489 1381 569 1438 1-4
591 1375 741 1458 legimus:

391 1474 451 1552 Εἰς
475 1474 571 1542 λύκον
594 1469 736 1564 ἀλώπηξ
757 1473 949 1559 ἐμπεσοῦσα
973 1476 1101 1564 δειλαία)

393 1577 527 1665 ζωγρεῖν
550 1575 665 1658 ἐδεῖτο,
688 1576 772 1665 μηδὲ
793 1580 895 1664 γραῦν
918 1571 1137 1643 ἀποκτείνειν.

349 1707 355 1719 ·
391 1677 409 1743 ὃ
435 1668 544 1752 δ’ῘῖΙν
568 1679 684 1766 λόγους
705 1703 765 1763 μοι
786 1691 875 1766 τρεῖς
899 1671 1083 1767 ἀληθινοὺς
1106 1678 1204 1766 εἴπῃς

393 1776 454 1863 ἐγώ
479 1803 516 1846 σε
539 1779 576 1869 νὴ
600 1778 657 1846 τὸν
679 1773 791 1845 Πᾶνα
819 1785 904 1867 φησί
923 1773 1119 1868 ’ζωγρήσω’.

240 1881 330 1947 Haec
353 1881 434 1948 bene
456 1902 492 1948 se
514 1882 643 1949 habent.
689 1881 792 1948 Simili
820 1883 944 1948 ratione
965 1883 1056 1948 Rom.
1078 1883 1170 1966 lll,5
1191 1912 1235 1934 =
1255 1879 1387 1948 Phaedr.

240 1983 362 2049 Dressl.
378 2002 451 2067 app.
467 1983 507 2066 ΙΙ,
528 1988 564 2050 18
582 1982 635 2067 (cf.
651 1985 786 2051 Mueller
793 1978 852 2048 v‘de
866 1976 1027 2050 Phaedro'
1046 2004 1076 2068 p.
1096 1983 1148 2064 18)
1171 1983 1325 2069 accipiter
1345 1985 1386 2048 lu-

241 2084 362 2151 sciniae
383 2105 441 2169 pro
464 2083 562 2170 pullis
583 2087 685 2170 raptis
707 2083 899 2169 supplicanti
921 2105 956 2151 se
978 2085 1201 2152 obsecuturum
1223 2104 1295 2152 esse
1321 2105 1387 2170 pro-

240 2185 351 2266 mittit,
383 2185 411 2250 si
438 2185 524 2251 bona
552 2205 632 2252 uoce
661 2185 811 2268 cantati).
856 2184 968 2270 Λόγοι
996 2193 1102 2253 autem
1132 2178 1307 2275 ἀληθινοὶ,
1335 2207 1386 2270 pro

243 2286 357 2370 quibus
373 2285 556 2369 aenigmata
571 2286 623 2352 uel
639 2287 720 2352 alias
741 2286 945 2368 quaestiones
967 2286 1124 2354 soluenda
1146 2287 1387 2373 exspectaueris,

241 2409 282 2454 ne
304 2393 336 2455 te
359 2387 537 2471 offendant,
566 2409 641 2454 nam
665 2388 807 2455 celebres
828 2395 902 2455 sunt
923 2388 955 2452 in
977 2390 1114 2456 fabellis.
1159 2390 1209 2455 lta
1230 2389 1263 2453 in
1286 2389 1387 2454 Gestis

241 2491 331 2557 Rom.
360 2494 417 2554 103
446 2491 605 2555 mercator
628 2483 793 2556 ‘ueritates
815 2482 893 2556 tres'
926 2490 992 2571 regi
1021 2490 1146 2574 uendit,
1174 2497 1273 2575 atque
1303 2492 1386 2556 Rom.

242 2612 314 2676 app.
338 2594 378 2656 64
405 2595 503 2656 nauta
530 2609 551 2655 a
579 2590 673 2675 lupo,
702 2610 796 2673 quem
825 2595 1020 2676 transportat
1029 2589 1074 2674 4),
1103 2593 1192 2658 nauli
1222 2592 1292 2660 loco
1318 2586 1387 2656 ‘tria

243 2683 332 2759 uera²
357 2691 454 2776 petit:
485 2711 617 2775 quorum
642 2712 738 2758 unum
768 2685 950 2775 (beneficat
972 2693 1027 2774 qui
1048 2695 1131 2760 bene
1152 2686 1262 2778 facit’)
1285 2693 1387 2758 statim

242 2793 297 2858 ille
320 2792 449 2877 profert,
472 2792 606 2858 alterum
628 2788 710 2875 (qui
732 2794 778 2860 sic
799 2813 862 2860 non
884 2793 970 2875 facit,
991 2795 1082 2879 peius
1104 2787 1210 2878 facit)
1233 2795 1266 2881 ip
1287 2793 1386 2860 medio

243 2894 387 2976 flumine;
412 2891 527 2958 deinde
542 2893 669 2959 tertium
684 2899 782 2959 nauta
800 2894 949 2979 exigente
968 2889 1045 2974 ‘non
1068 2896 1172 2963 habeo
1194 2915 1272 2982 prae
1294 2894 1386 2961 mani·

333 3097 355 3159 1)
373 3093 448 3148 Thus
472 3093 501 3146 in
521 3091 621 3148 fabulis
645 3092 773 3149 Indorum
797 3093 932 3150 sollemnis
955 3094 1044 3163 uolpis
1067 3095 1189 3150 Graecae
1207 3099 1249 3150 est
1266 3095 1385 3159 nicatius,

244 3177 704 3248 cf.Beniey,Pantsch.l‚102sqq.
723 3183 750 3232 et
767 3178 859 3234 Keller
875 3195 902 3248 p.
916 3182 964 3232 ast
977 3193 1035 3248 sqq.
1053 3179 1109 3248 (qui
1125 3179 1159 3234 de
1180 3181 1240 3248 ipsa
1258 3195 1288 3234 re
1304 3178 1385 3232 minus

244 3269 318 3317 recte
334 3263 439 3317 iudicat
456 3277 536 3330 quam
553 3263 673 3331 Benfey).

331 3350 357 3408 2)
372 3345 525 3400 Coniecerit
539 3347 654 3403 fortasse
665 3347 798 3417 quispiam
812 3362 861 3415 pro
874 3347 960 3402 tauris
977 3347 1041 3402 olim
1055 3361 1151 3417 aprum
1160 3348 1245 3404 fuisse
1256 3353 1284 3404 et
1293 3363 1385 3412 ursum,

245 3433 351 3502 pictura
368 3429 533 3499 Pompeiana
551 3431 606 3486 huc
625 3433 712 3504 relata
727 3431 843 3500 Helbigii
860 3427 1035 3500 ‘Wandgem'
1059 3435 1135 3486 1584:
1160 3425 1244 3488 ‘Eber
1267 3432 1320 3487 und
1338 3433 1387 3486 Bar

244 3518 281 3572 im
298 3513 413 3584 Kampf,
437 3515 526 3569 hinter
548 3514 608 3569 (iem
625 3515 724 3571 Felsen
748 3516 792 3570 ein
815 3517 936 3586 grimmig
958 3515 1117 3572 blickender
1133 3513 1226 3572 Ltue’
1247 3521 1335 3586 (quam
1356 3513 1386 3569 ad

245 3601 366 3656 fabulam
374 3599 492 3666 aliquam
501 3604 625 3667 spectare
633 3599 688 3654 iam
696 3599 836 3667 Helbigius
847 3594 1063 3656 sensit‘Unters.'
1075 3617 1101 3669 p.
1111 3603 1162 3667 93).
1181 3600 1234 3656 Sed
1244 3601 1283 3656 eis
1295 3599 1385 3670 quibus

246 3700 318 3742 nunc
335 3683 464 3740 instructi
481 3699 573 3738 sumus
590 3683 732 3752 praesidiis
751 3683 819 3738 nihil
835 3699 978 3753 possumus
997 3685 1112 3740 efficere.

332 3773 357 3834 3)
375 3767 450 3822 Haec
471 3768 500 3821 iu
523 3770 677 3824 memoriam
699 3785 750 3824 nos
774 3772 905 3822 reuocant
926 3769 1008 3824 Sileni
1025 3770 1111 3825 uincti
1128 3769 1208 3838 Verg.
1227 3771 1275 3826 ecl.
1290 3769 1327 3824 Vl
1343 3765 1383 3834 (ci.

245 3852 353 3908 Nemes.
364 3853 414 3908 ecl.
424 3852 483 3919 ΠΙ),
501 3852 547 3920 qui
565 3853 683 3908 carmine
701 3869 750 3908 suo
768 3858 799 3907 ut
815 3853 939 3908 soluatur
956 3853 1048 3910 elficit.

333 3941 358 4001 4)
376 3934 430 3991 Pru
447 3936 511 4005 lupo
528 3936 597 3992 bene
614 3938 732 3993 restituit
749 3937 857 4007 uulpem
873 3937 953 3992 Pauli
969 3933 1102 4008 ‘Schimpf
1120 3955 1147 3992 u.
1165 3935 1262 3993 Ernst'
1284 3941 1341 4004 380,
1357 3949 1385 3990 ex

151 4007 154 4014 '
246 4019 356 4076 meliore
372 4019 489 4076 fumasse
506 4019 583 4076 fonte
600 4020 734 4076 hauriens.
