2938 4688
537 281 571 337 de
587 281 682 338 Babrli
698 284 798 339 astate.
971 253 975 260 ⁴
1184 281 1242 344 171

90 454 192 523 Andr.
209 459 261 539 2³,
284 453 399 521 Christ.
415 453 568 537 Metrik§
585 459 634 520 14.
659 457 709 522 78.
734 458 804 521 379.
844 455 957 522 Paullo
979 455 1045 522 iam
1066 457 1243 542 seueriores

90 560 220 627 fuerunt
239 555 379 623 Lucilius
402 563 435 624 41
448 555 557 643 Varro,
580 557 718 640 illosque
741 562 868 625 secutus
890 556 1065 642 Phaedrus,
1090 559 1143 641 qui
1165 561 1244 627 iam-

91 663 153 729 bos
168 660 297 727 Italicos
320 658 573 744 conscripserunt
587 660 630 728 ad
645 665 790 729 ueterum
805 659 1042 727 comoediarum
1062 663 1242 748 exemplar,

92 782 199 846 neque
215 761 300 829 enim
314 761 460 845 regulam
481 781 621 843 unquam
642 764 806 832 laeserunt
826 761 889 829 nisi
912 763 999 844 quod
1020 783 1116 831 uoces
1131 763 1244 850 dacty-

91 866 172 934 licas
195 863 355 932 interdum
377 863 575 931 admiserunt
595 865 628 931 in
649 885 763 934 uersus
780 863 916 949 initium,
939 868 977 933 41.
993 867 1030 932 L.
1045 866 1243 952 Muellerum,

91 969 134 1037 de
157 989 194 1036 rc
215 971 304 1035 metr.
321 988 352 1053 p.
366 970 430 1033 418
445 985 494 1047 sq.
511 972 543 1034 et
563 970 663 1052 praef.
679 967 821 1034 Phaedri
834 988 866 1053 p.
881 968 938 1034 IX.
977 968 1121 1036 Catullus
1136 975 1244 1036 autem

91 1079 125 1140 et
156 1061 364 1156 Priapeorum
393 1069 563 1153 scriptores
592 1070 752 1152 ceterique
785 1071 872 1137 illius
905 1071 1021 1138 aetatis
1054 1071 1109 1153 qui
1141 1078 1265 1148 artem,

90 1174 253 1242 nouiciam
276 1172 376 1239 secuti
397 1178 491 1255 sunt,
515 1189 677 1253 nunquam
706 1171 834 1240 omnino
862 1193 882 1240 a
910 1173 1021 1239 Babrii
1047 1173 1106 1239 illa
1132 1193 1244 1240 norma

92 1277 333 1359 aberrauerunt,
357 1275 396 1342 cf.
412 1273 600 1342 Muellerum
618 1274 733 1341 Gatull.
749 1297 780 1360 p.
797 1275 888 1341 LXX
901 1273 925 1360 1)
940 1280 973 1341 41
987 1274 1120 1359 LXXX,
1142 1274 1243 1342 idem·

92 1399 157 1464 que
178 1379 267 1444 ualet
289 1377 329 1444 de
350 1375 500 1444 Petronio
524 1376 567 1462 (5,
585 1380 602 1442 3
619 1377 699 1464 lelge
720 1377 844 1464 polilat)
867 1384 899 1444 et
921 1376 1031 1445 Persio
1053 1376 1206 1462 (prooem.
1224 1381 1243 1441 2

91 1483 126 1548 in
140 1487 145 1558 Ι
158 1478 307 1565 bicipitti,
330 1482 349 1544 9
372 1478 549 1562 picamlque
571 1477 709 1564 decutit).
748 1479 948 1562 Quamquam
969 1479 1002 1546 in
1025 1485 1114 1546 tanta
1137 1501 1243 1546 exem·

91 1585 219 1670 plorum
249 1582 410 1667 paucitate
438 1581 700 1666 proposuerintne
729 1581 791 1648 sibi
820 1587 938 1648 certam
964 1582 1070 1666 legem
1096 1580 1243 1648 dubitare

92 1685 207 1772 possis.
245 1685 312 1752 Sed
326 1683 456 1750 ultimus
472 1702 598 1764 quoque
621 1690 653 1752 41
674 1681 844 1768 primarius
859 1682 1074 1752 Romanorum
1092 1684 1243 1750 choliam-

93 1787 294 1874 bographus,
313 1784 478 1868 Martialis,
501 1785 773 1868 quotienscunque
795 1785 881 1852 arsin
903 1787 999 1854 soluit
1021 1822 1061 1834 —-
1085 1785 1244 1867 coluitque

94 1889 340 1975 saepissime-
362 1893 570 1972 praeceptum
592 1888 672 1956 illud
693 1887 931 1970 religiosissime
954 1889 1147 1974 obseruauit‚
1177 1889 1243 1956 441-

92 2000 129 2060 41
146 1991 229 2058 dixit
249 1993 273 2075 Ι,
293 1996 340 2075 10,
354 1992 372 2054 2
389 1996 421 2057 et
436 1989 522 2074 eupit
536 1996 539 2066 t
554 1996 596 2073 et,
612 1996 631 2054 4
646 1991 712 2068 illle
723 1991 861 2075 petiitur;
886 1995 936 2076 66,
949 1995 967 2056 9
988 1990 1241 2072 4414444441)-

93 2115 181 2178 uum,
208 2093 348 2170 11141144
365 2092 489 2177 habeto,
515 2096 551 2158 13
565 2092 717 2175 quietquis
732 2093 862 2176 reoittat,
883 2098 919 2156 14
931 2113 994 2161 444
1009 2099 1138 2177 emelre;
1162 2095 1242 2175 84,2

94 2218 168 2266 eum
183 2197 262 2264 uelit
275 2200 279 2272 l
293 2195 421 2279 habere,
446 2199 464 2260 3
480 2200 577 2272 motre
591 2195 708 2279 futulit,
732 2201 751 2262 4
767 2194 889 2279 imlplet
904 2195 1088 2279 equiltibus,
1112 2201 1130 2258 5
1152 2200 1243 2280 pater

94 2299 283 2380 lsamililae,
312 2297 382 2364 sim.
405 2301 462 2382 89,
486 2301 515 2364 3.
539 2303 567 2364 4.
597 2301 654 2382 96,
679 2302 706 2364 7.
730 2301 758 2362 8.
786 2301 833 2362 12.
865 2301 940 2382 113,
967 2304 993 2365 t.
1017 2303 1052 2380 5,
1083 2317 1244 2380 nunquam

94 2401 191 2469 talia:
215 2400 391 2486 suplplicia,
412 2400 681 2484 fugimusllason,
706 2399 861 2482 quidquid
884 2404 961 2483 etgo.
1002 2399 1122 2467 Similis
1137 2407 1244 2466 autem

94 2504 182 2570 circa
203 2502 319 2569 cadem
341 2503 408 2570 1444
427 2509 571 2589 tempora
587 2501 730 2570 Senecae
752 2501 865 2584 tragici
887 2501 947 2567 fuit
968 2521 1036 2584 ars,
1060 2501 1098 2567 cf.
1113 2501 1242 2568 Muelle-
1284 2509 1287 2514 “
1369 2531 1374 2540 ·

93 2627 165 2673 rum
188 2605 229 2672 de
251 2625 286 2672 re
308 2605 440 2672 metrica
461 2627 491 2690 p.
519 2608 577 2669 155
593 2624 640 2686 sq.
684 2605 798 2686 Neque
826 2603 867 2670 ab
897 2604 958 2670 hac
981 2604 1151 2670 seueritate
1173 2623 1242 2670 sae-

94 2710 239 2776 culorum
266 2707 500 2790 insequentium
528 2715 583 2773 aut
611 2706 695 2773 tituli
723 2705 926 2773 choliambici
947 2706 1099 2774 recedunt
1120 2726 1141 2771 a
1162 2708 1242 2774 Bue-

96 2810 226 2876 chelero
250 2809 308 2876 Rh.
332 2810 373 2876 M.
397 2809 522 2876 XXVII
542 2830 574 2894 p.
599 2812 659 2872 142
678 2828 726 2891 sq.
749 2808 875 2876 collecti
898 2807 987 2894 (0111
1008 2815 1111 2896 parlce
1133 2815 1242 2887 tumul·

93 2912 147 2996 lis,
170 2910 297 2988 dolotris
320 2913 447 2997 titullus,
470 2912 791 2996 4441444444414144;
816 2910 928 2996 elur
953 2917 1100 2989 merettur
1114 2910 1242 2994 anilma)

94 3018 153 3080 aut
174 3014 425 3080 choliamborum
449 3015 628 3100 scriptores,
654 3017 742 3082 uelut
763 3014 974 3081 Terentianus
996 3015 1124 3081 Maurus
1146 3010 1243 3095 (2398

96 3117 183 3192 fcleit
204 3116 316 3200 alitter,
338 3116 408 3182 sim.
433 3121 526 3183 2404.
550 3115 646 3200 2405)
670 3121 702 3183 41
723 3116 822 3183 Iulius
837 3115 984 3182 Valerius
999 3116 1023 3198 l,
1040 3118 1081 3177 41
1099 3111 1152 3197 (23
1169 3115 1243 3189 lette

94 3218 220 3302 spalita,
242 3217 312 3282 sim.
330 3222 358 3282 5.
378 3222 425 3284 10.
446 3223 491 3284 11.
513 3216 564 3300 te)
587 3223 684 3301 atque
699 3239 738 3284 ne
754 3218 906 3285 Boethius
925 3217 1054 3299 quidem
1069 3216 1154 3283 sexti
1174 3237 1243 3284 sae·

96 3319 161 3388 culi
182 3319 321 3386 ineuntis
344 3317 400 3404 (de
422 3321 538 3389 consol.
555 3321 595 3404 ll,
621 3327 648 3407 1,
668 3326 686 3384 5
709 3340 772 3386 non
793 3321 859 3396 illle
881 3319 1023 3404 miselra,
1047 3322 1066 3384 6
1088 3320 1244 3402 ultrolque

93 3420 257 3504 gemittus5
288 3421 351 3505 ΙΙΙ,
378 3426 432 3506 11,
457 3429 475 3488 5
504 3423 717 3504 animumlque
740 3421 886 3506 decelat).
931 3423 1044 3504 Itaque
1066 3423 1243 3507 proprietas

93 3522 154 3588 illa
176 3522 349 3590 choliambi
371 3523 524 3591 Babriani
546 3545 618 3592 eum
639 3526 735 3608 plane
757 3524 864 3592 aliena
892 3524 933 3590 sit
955 3524 996 3591 ab
1020 3531 1088 3591 arte
1110 3525 1243 3605 Graeca,

91 3627 244 3706 frequens
256 3625 288 3691 in
299 3627 444 3693 Romana
456 3632 489 3695 41
500 3627 631 3708 elegans
642 3635 770 3713 propter
784 3626 912 3710 linguae
923 3627 1057 3693 Latinae
1069 3631 1243 3707 accentum,

185 3795 207 3856 1)
226 3791 357 3860 Regulam
381 3793 508 3863 proponit
529 3793 564 3848 ad
581 3793 674 3848 Babrii
695 3800 781 3851 artem
804 3796 898 3864 utique
919 3792 1124 3850 conuenientem
1140 3786 1181 3845 ‘ut
1198 3805 1243 3845 ex-

93 3881 243 3946 carpantur
260 3878 305 3945 (ab
323 3876 378 3932 arsi
396 3878 495 3944 solute)
514 3893 632 3947 eaquae
651 3879 757 3952 dactylo
776 3881 939 3936 clauduntur
960 3876 1082 3942 omnino,
1105 3890 1173 3944 quae
1196 3875 1244 3929 tri-

92 3961 198 4018 bracho
221 3961 368 4028 hactenus,
391 3963 463 4031 quod
485 3963 514 4018 in
537 3963 634 4019 horum
659 3964 766 4021 ultimas
790 3965 859 4020 duas
881 3963 999 4034 syllabas
1017 3961 1154 4018 licentiam
1170 3961 1244 4018 illam

92 4047 192 4103 cadere
208 4046 285 4103 nefas
304 4043 365 4102 est‘.
