2934 4690
241 312 303 372 210
720 313 784 369 Otto
803 314 915 370 drusius

239 484 315 550 dum
335 484 516 552 necessaria
538 491 628 552 crant
649 485 845 552 exciderant.
881 486 1043 568 Integram
1064 485 1280 552 narrationem
1300 485 1394 552 inda-

238 604 316 669 gare
338 585 417 652 mihi
438 606 500 652 non
524 587 656 671 contigit
666 587 698 671 ¹).

323 686 403 752 Feb.
421 690 461 751 58
484 687 559 754 ficta
582 695 630 754 est
651 709 692 756 ex
714 688 913 755 nobilissimo
929 687 1096 755 Pandorue
1119 689 1239 773 mytho,
1263 689 1304 754 de
1328 707 1393 769 quo

239 787 383 873 pluribus
400 789 547 872 exposuit
562 788 712 856 Welokor
727 789 891 855 dotted]
913 811 943 874 p.
961 793 1128 863 757-778
1147 796 1180 856 et
1195 809 1267 874 app.
1284 788 1394 872 trilog.

238 911 271 974 p.
294 893 355 953 314
379 886 434 972 (de
458 887 625 974 Sophoclis
647 890 796 957 Pandora
819 896 851 957 et
872 890 1175 976 mythographorum
1203 891 1394 958 narrationi-

240 988 324 1073 bus).
369 988 434 1056 Sed
457 1010 478 1055 a
499 991 633 1074 pristina
655 991 722 1057 eius
745 992 848 1058 torma
870 991 1014 1074 (Hesiod.
1037 1013 1088 1076 op.
1110 999 1141 1059 et
1156 991 1186 1057 d.
1202 1012 1231 1058 u.
1249 996 1290 1056 70
1305 991 1394 1075 sqq.)

240 1111 337 1173 quum
359 1090 498 1158 maxime
520 1092 612 1158 abest
627 1091 796 1158 Bebriana.
832 1092 981 1159 Pandora
1003 1095 1087 1160 enim
1111 1092 1237 1160 omnino
1259 1115 1324 1160 non
1347 1093 1394 1158 in-

240 1192 373 1276 ducitur,
396 1193 454 1258 sed
475 1194 544 1278 ipse

300 1297 301 1300 ’
392 1291 476 1370 Ζεὺς
499 1291 533 1358 ἒν
555 1299 654 1378 πίθῳ
677 1293 719 1358 τὰ
738 1293 865 1382 yppone}
888 1293 999 1360 πάντα
1023 1293 1180 1372 συλλέξας

393 1393 512 1483 ’έθηκεν
537 1387 636 1460 αὐτὸν
658 1394 826 1477 πωμάσας
848 1389 933 1482 παρ>
960 1389 1150 1483 ἀνθρώπῳ·

392 1492 409 1561 ὁ
434 1489 466 1561 d’
494 1490 639 1584 ἀκρατὴς
662 1491 846 1583 ἅνθρωπος
869 1495 993 1564 εἰδέναι
1017 1496 1171 1563 σπεύδων

391 1604 426 1664 τί
448 1591 526 1664 ποτ’
553 1585 592 1687 ἦν
615 1597 649 1664 ἓν
672 1589 762 1683 αὐτῷ
784 1601 840 1664 καὶ
861 1597 898 1664 τὸ
922 1602 1026 1683 πῶμα
1051 1598 1188 1686 κινήσας

394 1693 479 1787 ὁιῆκ’
507 1693 672 1765 ἀπελθεῖν
696 1692 780 1764 αὐτὰ
803 1699 888 1786 πρὸς
910 1705 1001 1766 θεων
1025 1700 1135 1778 οἴκους
1157 1701 1224 1765 κτλ.

240 1805 291 1868 Ita
305 1801 494 1884 grauissima
509 1810 541 1868 et
560 1800 775 1887 pulcherrima
797 1802 900 1887 mythi
919 1808 1011 1888 porte
1033 1803 1177 1886 deleta2)
1201 1802 1304 1869 siccus
1328 1801 1393 1866 effi-

241 1906 321 1970 citur
344 1910 374 1970 et
397 1903 491 1971 exilis
512 1904 676 1988 apologus.
714 1900 836 1968 Summi
859 1912 965 1971 autem
987 1904 1139 1971 momenti
1161 1909 1210 1970 est
1229 1904 1316 1985 quod
1331 1903 1392 1968 Ba-

240 2006 328 2072 brius
350 2005 384 2070 in
406 2025 484 2071 uase
506 2005 562 2072 illo
585 2006 689 2072 bona
711 2006 818 2072 omniu
840 2006 970 2073 infuisse
992 2011 1110 2087 narrat,
1138 2023 1220 2087 quae
1243 2003 1392 2088 operculo

240 2113 347 2174 amoto
376 2107 514 2172 abierint
546 2104 633 2192 πρὸς
659 2109 752 2170 θεῶν
781 2106 900 2184 οἴκους.
952 2106 1046 2191 Apud
1075 2113 1172 2174 testes
1202 2105 1392 2172 uetustiores

243 2228 352 2273 omnes
374 2208 479 2273 mula
501 2206 608 2273 insunt
623 2207 696 2272 inde
712 2207 754 2272 ab
778 2227 816 2274 eo
839 2212 981 2292 tempore
1002 2210 1084 2275 inter
1105 2207 1251 2274 homines
1273 2225 1392 2287 uagan-

241 2309 304 2393 tio,
328 2315 424 2390 atque
446 2329 527 2375 unus
549 2307 755 2374 Macedonius
777 2310 886 2374 consul
908 2307 1005 2392 (saec.
1022 2308 1062 2393 V)
1085 2308 1180 2374 Anth.
1202 2309 1272 2375 Pal.
1294 2309 1335 2391 X,
1353 2312 1390 2369 71

240 2410 322 2478 haee
345 2409 444 2476 habet
466 2409 636 2476 Bubriunis
658 2408 873 2493 simillimo³):

324 2509 511 2598 Πανδώρης
533 2505 640 2597 ὁρόων
662 2509 766 2596 γελόω
790 2515 898 2576 πίθον
922 2502 998 2575 οὐδὲ
1019 2521 1156 2595 γυναῖκα

392 2616 578 2700 μέμφομαι,
602 2605 675 2677 ἀλλ’
702 2605 810 2677 αὐτῶν
832 2610 874 2677 τὰ
897 2608 1004 2700 πτερὰ
1027 2613 1080 2675 τω
1088 2637 1105 2675 ν
1123 2603 1162 2674 Ἀ
1167 2611 1284 2694 γαθω
1292 2635 1320 2674 ν.

241 2781 330 2844 soluti,
348 2785 377 2834 et
394 2794 489 2840 sermo,
508 2795 530 2832 e.
548 2795 572 2846 g.
591 2777 625 2846 νὴ
641 2777 693 2832 τὸν
710 2781 804 2843 Πᾶνα,
829 2779 904 2846 cdd,
920 2785 934 2832 t
952 2783 1004 2847 (23,
1016 2784 1044 2842 4)
1062 2783 1088 2832 et
1106 2780 1174 2848 φησῖ
1191 2774 1339 2851 dasypodem,
1359 2777 1393 2832 of.

243 2869 343 2932 107,1o
361 2860 565 2936 ἀντῖζωγρὴσαε
582 2869 736 2932 {utmmque
753 2865 780 2917 in
798 2864 870 2926 fine).

330 2953 354 3014 t)
371 2948 404 3002 In
425 2949 534 3004 fabulae
554 2948 641 3003 forma
664 2948 778 3016 pristina
796 2947 890 3002 dubito
912 2963 947 3002 on
965 2948 1059 3016 uolpee
1078 2949 1170 3004 nescio
1190 2966 1242 3019 qno
1260 2951 1340 3004 modo
1360 2979 1392 2988 -

240 3033 307 3103 ipsis
325 3033 444 3088 fortasse
462 3031 548 3104 λόγοις
566 3028 719 3098 ἀληθινοῖς,
743 3032 814 3087 siout
831 3031 890 3087 ouis
912 3033 940 3086 in
961 3033 1056 3087 fabulo
1074 3048 1157 3101 supra
1176 3037 1392 3098 commemorate,

241 3118 316 3172 miles
339 3117 470 3186 fugitiuus
493 3119 522 3172 in
545 3115 747 3170 narratiuncula
771 3117 904 3171 simillime
922 3117 1005 3172 Gesta
1024 3118 1103 3173 Rom.
1123 3123 1167 3184 58,
1193 3119 1276 3173 Artus
1297 3133 1347 3171 rex
1364 3117 1392 3170 in

241 3202 341 3256 fabella
359 3202 521 3257 Combriene
538 3202 651 3267 Robert,
669 3202 774 3256 Gambr.
790 3203 881 3272 popul.
897 3206 952 3256 unt.
971 3219 998 3271 p.
1015 3207 1056 3266 91,
1075 3203 1184 3269 Grimm,
1203 3202 1333 3258 Merchen
1351 3201 1392 3254 III

241 3303 268 3355 p.
280 3291 328 3340 373
343 3287 384 3340 od.
396 3291 411 3339 2
424 3315 456 3326 -
468 3287 525 3356 lupi
543 3287 678 3356 unguibus
696 3288 789 3357 elapso
806 3287 843 3340 sit
860 3286 941 3352 (sicut
958 3286 1051 3340 asinus
1064 3285 1083 3339 t.
1100 3292 1155 3351 122,
1173 3287 1276 3342 hoedus
1287 3285 1321 3340 H.
1336 3290 1391 3352 134,

134 3423 136 3426 .
241 3371 292 3426 bos
304 3370 382 3424 Rom.
395 3387 457 3439 app.
470 3377 509 3436 19,
528 3386 610 3440 cupre
626 3371 663 3426 ib.
680 3376 736 3436 56t:
755 3369 851 3424 deinde
869 3385 884 3424 e
901 3373 961 3424 tuto
979 3370 1041 3425 loco
1055 3371 1257 3425 exsecrationes
1264 3371 1330 3424 istus
1343 3370 1391 3423 ad-

242 3455 305 3509 dere
323 3459 438 3524 poteret,
458 3455 529 3510 sicut
546 3449 583 3509 ‘in
601 3456 673 3511 sicco
692 3451 869 3511 constitutus'
889 3454 980 3523 lupus,
997 3449 1055 3523 ‘per
1076 3469 1166 3509 aerem
1184 3449 1311 3510 uolitans'
1332 3453 1391 3507 auis

242 3538 396 3595 fabularum
415 3555 498 3608 supro
516 3539 711 3608 exscriptorum
729 3539 850 3593 homines
868 3538 998 3606 deceptos
1015 3537 1120 3592 ludunt.
1158 3538 1210 3593 Sed
1227 3534 1391 3606 ‘ignoramus

242 3620 501 3693 ignorabimusque',
519 3622 572 3678 nisi
589 3623 683 3678 fabulo
699 3623 832 3678 uetustior
849 3622 1010 3677 inuenietur.

329 3711 355 3774 2)
374 3709 541 3763 Obturbctus
559 3708 667 3764 uidetur
683 3707 821 3762 fabulator
838 3705 948 3762 Homeri
965 3705 1089 3760 uersibus
1108 3705 1139 3758 Il.
1154 3708 1180 3756 Ω
1195 3709 1244 3760 528
1260 3721 1325 3775 sqq„
1344 3705 1393 3761 ubi

243 3791 366 3861 Iuppiter
383 3793 535 3850 hominibus
559 3809 593 3848 ex
616 3793 695 3849 doliis
719 3791 824 3847 duobus
847 3790 921 3844 bono
943 3795 971 3843 et
987 3789 1060 3844 melo
1077 3789 1216 3844 distribuit
1233 3789 1278 3856 (ci.
1295 3789 1391 3854 Lehrs,

245 3877 338 3945 popul.
347 3876 425 3932 Aufs.
436 3894 462 3946 p.
472 3883 504 3932 43
523 3881 550 3932 et
567 3877 668 3934 Friedl.
679 3875 806 3930 Darstell.
816 3874 856 3927 III
869 3891 895 3943 p.
905 3877 974 3941 651).

330 3966 355 4025 3)
374 3959 576 4017 Memorabilem
593 3960 667 4016 hunc
679 3961 766 4014 locum
779 3974 834 4014 non
845 3964 1025 4028 respexerunt
1036 3957 1165 4012 Welcker
1178 3957 1328 4026 (suttorp.
1342 3961 1392 4010 758

243 4044 332 4098 adut
351 4049 377 4100 et
395 4045 489 4100 Flooh.
509 4044 544 4098 ad
561 4043 625 4100 Hes.
636 4060 717 4113 opu.
729 4048 760 4096 84
779 4042 873 4109 Bebrii
890 4043 976 4111 ipsius
995 4057 1134 4098 memores.
