2934 4690
543 305 688 381 de'Babrii
706 327 803 383 aetate.
1179 325 1241 387 243

91 505 170 567 trem
185 499 378 568 recentiores
392 500 458 566 fere
473 521 584 568 omnes
606 538 646 547 -
670 501 833 570 Knochius
855 523 885 587 p.
904 504 961 585 333
985 501 1099 568 Kerler
1115 521 1145 584 p.
1163 505 1241 586 2093

91 602 220 673 Irachm.
242 623 274 687 p.
295 603 342 687 X,
372 601 547 670 Teuffelius
569 605 589 684 ξ
611 607 689 687 360,
715 609 752 670 10
775 603 964 671 -fabulas
987 604 1120 671 uertisse
1150 610 1241 691 puta-

90 710 212 786 uerunt,
235 706 432 790 argumentis
453 726 516 773 non
538 705 709 793 propositis
730 705 953 792 Oannegieteri
974 727 1005 792 p.
1023 709 1084 770 275
1107 707 1241 774 auctori·

92 810 188 870 tatem
205 806 350 889 secuti1).
387 806 480 885 Quod
498 808 524 874 si
542 829 653 876 uerum
678 814 762 876 esset
784 812 979 892 certumque,
1002 813 1109 875 tamen
1131 816 1241 876 contra

91 907 301 975 coniecturam
325 915 466 977 nostram
488 930 552 977 non
578 911 764 978 ualeret-
787 915 821 978 ut
843 911 1066 977 Lachmannus
1095 909 1242 992 opinator

90 1031 119 1094 p.
142 1010 174 1074 X
196 1033 253 1094 —3
283 1011 428 1078 Titianus
451 1013 536 1080 enim
559 1020 591 1080 et
618 1012 688 1098 ipse
716 1012 856 1099 priorem
884 1011 1056 1078 editionem
1087 1010 1241 1079 adhibere

90 1112 193 1197 potuit
207 1131 310 1195 neque
334 1113 503 1196 quiequam
526 1116 632 1182 obstat
655 1114 821 1200 quominus
843 1114 911 1182 fere
933 1112 976 1179 ad
991 1111 1168 1179 Alexandri
1190 1133 1241 1179 us-

90 1233 151 1296 que
167 1220 312 1298 tempora
328 1235 400 1282 eum
415 1215 536 1284 uixisse
550 1225 699 1303 putemus
717 1216 807 1300 (nam
823 1236 864 1282 ex
881 1215 1004 1283 Sidonii
1019 1215 1126 1282 uerbis
1141 1214 1241 1301 ipsius

89 1317 258 1383 Frontonis
277 1316 469 1400 discipulum
490 1339 562 1385 eum
585 1319 682 1386 fuisse
705 1317 850 1384 concludi
872 1318 928 1384 uix
949 1315 1078 1401 potest).
1113 1315 1178 1383 Sed
1200 1338 1240 1385 ne

91 1418 302 1502 Gannegieter
329 1419 457 1502 quidem
479 1426 665 1502 argumento
689 1439 764 1486 usus
787 1426 837 1486 est
856 1419 918 1486 nisi
940 1418 1000 1485 hoc
1021 1440 1085 1485 uno
1108 1417 1185 1485 exili
1208 1423 1241 1485 et

90 1521 176 1586 inani
198 1541 228 1605 p.
250 1525 328 1587 275:
354 1516 418 1586 ‘Ad
443 1522 526 1589 hunc
548 1523 663 1588 lulium
685 1522 846 1588 Titianum
876 1525 1001 1606 patrem
1029 1526 1185 1604 reuertor,
1214 1520 1242 1586 is

91 1622 173 1690 enim
197 1630 260 1709 est,
291 1623 332 1689 de
355 1642 418 1704 quo
520 1623 708 1709 dicendum,
736 1623 822 1707 quod
850 1623 906 1688 ille
934 1622 1060 1689 fabulas
1083 1623 1241 1708 Aesopias

90 1726 226 1808 scripsit,
249 1745 312 1790 non
335 1745 356 1790 a
377 1744 411 1789 se
434 1725 591 1808 inuentas,
614 1725 672 1792 sed
694 1745 736 1790 ex
759 1724 890 1792 Graecis
911 1776 918 1790 .
936 1776 967 1791 ..
988 1743 1158 1791 conuersas
1180 1725 1239 1790 La-

90 1825 165 1891 tine.
195 1827 230 1890 ln
247 1845 311 1908 qua
325 1845 360 1890 re
375 1826 495 1893 Titiani
510 1826 603 1894 huius
617 1826 780 1910 ingenium
795 1833 844 1894 est
859 1825 1123 1908 animaduertere,
1147 1845 1244 1911 quem

90 1927 216 1992 simiam
243 1933 404 1993 oratorum
432 1927 598 2013 Sidonius,
630 1928 755 1995 simiam
785 1928 834 1993 sui
861 1928 1013 2014 temporis
1042 1927 1240 2012 Capitolinus

92 2029 347 2112 cognominatum
363 2028 506 2116 tradunt,
531 2031 625 2115 quod,
648 2037 683 2097 ut
697 2031 750 2097 hic
765 2028 864 2110 addit,
884 2033 997 2094 cuncta
1011 2021 1237 2112 imitareturl).²

17 2169 18 2178 κ
90 2131 132 2195 At
155 2130 216 2198 hoc
238 2151 353 2198 nomen
368 2132 653 2200 Frontonianorum
676 2130 904 2200 maleuolentia
926 2129 1034 2196 fictum
1058 2148 1128 2196 esse
1148 2130 1239 2199 Sido-

90 2232 161 2298 nius
182 2239 333 2316 testatur,
362 2254 432 2300 cnm
455 2233 598 2318 magistri
620 2241 730 2321 partes
751 2233 808 2300 ille
834 2233 985 2300 deserens
1007 2232 1240 2301 Ciceronem

90 2339 291 2416 sequeretur:
321 2353 426 2416 neque
448 2336 543 2416 igitur
565 2336 639 2403 hinc
661 2334 702 2401 de
723 2335 878 2402 fabulis
902 2334 1068 2401 Graecis
1100 2334 1133 2401 in
1154 2337 1239 2402 Lati-

91 2449 165 2501 n'um
184 2455 361 2503 sermonem
378 2437 538 2503 conuersis
559 2475 601 2483 —
624 2457 706 2519 quae
728 2437 925 2501 imitatione
948 2434 1011 2500 dici
1034 2432 1163 2516 quidem
1185 2455 1241 2518 po·

91 2544 152 2604 test
167 2573 208 2584 -
224 2537 394 2621 quiequam
408 2543 514 2623 potest
529 2539 646 2622 colligi.
681 2538 801 2603 Maiore
820 2537 848 2603 si
870 2535 947 2620 quid
968 2534 1063 2603 uideo
1086 2535 1153 2601 iure
1175 2535 1238 2600 iam

90 2639 222 2706 Vossius
245 2637 285 2704 de
309 2638 466 2706 historicis
484 2641 554 2706 Lat.
570 2661 638 2724 cap.
655 2640 686 2705 ΙΙ
707 2660 736 2723 p.
758 2642 815 2703 173
838 2635 903 2720 (ed.
919 2659 947 2704 a.
967 2636 1062 2722 1651)
1085 2639 1239 2724 apologos

90 2740 156 2811 filio
179 2740 289 2807 tribuit
299 2741 333 2825 ³),
359 2761 433 2806 nam
456 2741 583 2807 fabulas
606 2743 727 2808 alienas
750 2747 871 2806 uertere
895 2739 997 2823 magis
1020 2745 1069 2807 est
1090 2759 1239 2826 praecep-

90 2891 261 2948 Constantini
278 2896 430 2958 temporum
447 2895 542 2944 taxare
561 2891 677 2959 collegas
691 2933 698 2946 .
713 2931 718 2942 .
734 2931 740 2944 .
754 2890 894 2960 superiora
912 2887 1088 2958 contingam')
1108 2890 1238 2958 efficitur,

89 2981 171 3047 atque
195 2991 257 3032 cum
278 2975 350 3030 inter
366 2975 558 3045 imperatorum
579 2976 720 3045 magistros
736 2975 903 3041 nominetur,
927 2975 1051 3030 Titianus
1068 2973 1158 3030 iunior
1175 2973 1240 3043 quin

90 3063 125 3116 sit
142 3077 197 3116 non
215 3060 317 3115 dubito.

177 3149 202 3208 l)
219 3145 290 3200 Nam
303 3145 401 3212 Keller,
421 3146 466 3213 qui
478 3162 504 3214 p.
514 3151 563 3199 410
579 3145 741 3201 contrariam
754 3146 947 3212 Cannegietero
959 3145 1054 3198 tribuit
1068 3144 1239 3209 sententiam,

89 3234 158 3284 libro
178 3232 235 3285 eius
250 3247 305 3284 non
324 3229 432 3284 euoluto
452 3227 565 3285 confusa
579 3231 688 3284 Baehrii
706 3229 887 3299 disputatione
905 3229 1014 3299 (Pauly,
1033 3229 1238 3300 Real·Encycl.

91 3317 129 3371 IV
138 3331 165 3384 p.
176 3317 234 3379 496)
248 3315 276 3366 in
289 3329 405 3368 errorem
423 3320 465 3369 est
479 3317 581 3384 raptus.
607 3315 702 3384 Neque
717 3315 857 3369 Kerlerum
875 3315 1030 3370 accuratius
1048 3315 1173 3384 inspexit,
1193 3316 1240 3382 qui

90 3418 116 3470 p.
134 3403 183 3454 208
203 3397 388 3466 Gannegieteri
405 3399 565 3453 sententiam
583 3413 611 3453 se
628 3400 730 3453 referre
748 3399 883 3466 expressis
901 3399 992 3456 uerbis
1011 3399 1085 3455 dicit.

177 3487 202 3548 2)
220 3481 323 3536 Deinde
347 3483 419 3552 quod
443 3483 510 3538 dicit
533 3501 559 3553 p.
576 3488 624 3538 275
643 3478 722 3538 ‘Huic
741 3489 830 3538 cutem
848 3501 945 3541 nomen
962 3486 1060 3541 Iulium
1078 3484 1238 3539 discriminis
1307 3526 1310 3533 .

91 3584 175 3625 causa
190 3573 221 3622 ut
238 3582 255 3621 a
272 3565 328 3620 tilio
347 3569 521 3637 dignoscatur
539 3569 659 3624 additum
673 3571 748 3639 puto,
766 3571 838 3638 quod
854 3586 907 3625 uno
922 3575 1028 3625 tantum
1040 3569 1146 3623 nomine
1162 3569 1239 3624 citari

91 3652 385 3721 solent...scriptores
406 3654 486 3710 huius
509 3650 649 3724 temporis'
670 3655 819 3709 sententiae
838 3657 894 3710 eins
913 3673 968 3711 non
985 3653 1064 3708 modo
1083 3669 1138 3708 non
1156 3654 1238 3721 prod·

92 3744 141 3807 est,
160 3739 207 3793 sed
225 3738 302 3792 obest
318 3738 417 3805 potius,
434 3755 497 3793 nam
514 3738 542 3792 in
560 3739 677 3807 epistola
694 3745 721 3793 et
737 3755 763 3792 u.
775 3743 803 3794 81
825 3741 883 3796 solo
897 3739 1005 3794 Titiano
1023 3737 1130 3792 nomine
1145 3737 1238 3804 utitur,

91 3842 117 3879 u.
137 3829 227 3878 autem
252 3825 300 3876 102
323 3837 378 3875 non
396 3824 520 3878 consulto
539 3824 585 3877 sed
602 3828 687 3878 metro
707 3830 820 3894 cogente
837 3825 936 3880 Iulium
954 3839 1016 3878 eum
1034 3821 1106 3877 dicit.
1141 3821 1239 3878 lulium

91 3923 189 3965 nomen
205 3906 304 3976 gentile
321 3906 391 3976 patri
411 3912 438 3960 et
455 3907 510 3962 filio
529 3924 669 3964 commune
686 3908 770 3966 fnisse
789 3914 997 3965 consentaneum
1015 3910 1065 3962 est.

177 3999 201 4057 3)
220 3992 311 4047 Verba
325 3991 383 4045 eius
396 3991 463 4046 haec
478 3996 553 4047 sunt:
572 3987 745 4050 ‘Alterutrius
761 4010 874 4064 quoque,
889 3993 937 4048 filii
949 3999 1025 4063 puto,
1041 3993 1147 4064 apologi
1162 3993 1239 4051 tuere

92 4077 212 4132 Ausonio
231 4073 391 4133 memorati'.
