2938 4688
524 364 558 421 de
574 362 666 419 Bobrii
683 366 780 420 aetate.
1159 361 1218 422 141

69 536 329 604 Volhsstammes
344 534 551 623 gegrtndete,
568 534 714 604 satirisch
730 533 904 604 eriundene
918 519 1058 622 Mythus‚
1074 534 1153 602 sao.
1170 539 1220 602 57.

71 637 191 706 Solche
206 636 407 704 Nechereien
429 637 757 724 undSchm'ahungen
779 637 838 706 aui
856 636 918 704 den
933 636 1111 706 Charahter
1134 638 1222 706 eines

70 759 197 824 ganzen
210 738 342 810 ,Volkes
364 740 470 808 haben
491 760 550 807 nur
572 738 616 807 da
637 735 729 810 'einen
751 737 837 810 Simr⁴
857 736 923 806 und
948 738 1077 806 konnen
1098 759 1158 805 nur
1179 735 1222 804 da

70 843 131 909 auf
149 840 389 926 Anerlrennung
416 842 570 927 rechnen,
599 862 650 911 wo
679 842 798 910 bereits
825 840 987 908 nationale
1012 839 1222 925 Antipathien

70 941 249 1027 vorliegen,
270 943 333 1010 wie
356 942 403 1010 sie
420 943 489 1011 sich
506 964 565 1012 nur
579 945 738 1014 zwisohen
761 942 1126 1012 Nachbarvolkern
1148 961 1220 1010 aus-

71 1037 209 1114 bilden².
246 1044 376 1131 Mythus
398 1051 506 1114 antem
528 1052 563 1113 ut
583 1047 630 1114 ita
651 1046 909 1116 dieamfabulae
930 1044 1017 1112 illius
1039 1081 1081 1092 -
1102 1045 1136 1112 in
1158 1063 1222 1128 qua

70 1149 207 1216 Hermes
229 1147 398 1216 mendacia
419 1149 453 1214 in
475 1147 627 1216 mundum
649 1148 805 1216 inuehens
828 1149 870 1216 ab
884 1147 1045 1214 Arabibus
1067 1147 1222 1232 spoliatur

69 1286 113 1296 —
135 1249 288 1317 aBabrio
310 1250 380 1335 ipso
402 1248 495 1317 fictus
517 1269 673 1320 essenon
695 1249 839 1318 uidetur
867 1249 1019 1336 Legimus
1034 1250 1118 1317 enim
1134 1248 1237 1335 apud·

70 1352 262 1421 Strabonem
284 1371 432 1437 geogr.
406 1353 422 1417 I
444 1354 500 1418 42:
520 1346 675 1428 Ἡσίοδος
691 1345 722 1416 d'
742 1349 776 1418 ἓν
790 1349 963 1437 καταλόγῳ
980 1351 1064 1440 φησὶ
1080 1350 1131 1435 (ir.
1144 1353 1163 1415 9
1178 1350 1221 1418 ll.

70 1458 112 1520 46
134 1449 241 1541 Fi)
243 1449 325 1520 Καὶ
349 1447 736 1574 κούρηνἍράβοιοῙ),
765 1453 836 1520 τὸν
859 1449 1045 1541 Ἑρμάων
1075 1444 1222 1540 ἀκάκητα

70 1561 246 1622 Falacro
269 1557 326 1622 καὶ
350 1559 473 1645 Θρονίη
496 1554 596 1645 κούρη
621 1550 791 1643 Βήλοιο
769 1547 938 1633 ανακτοςῗ
989 1547 1085 1622 Ου’ςω
1108 1553 1219 1620 δὲκαὶ

69 1664 272 1747 Στησίχορος
301 1658 388 1745 λέγει
412 1657 544 1744 (Bergk.
565 1659 641 1746 lyrr.
663 1679 694 1742 p
718 1657 806 1744 991).
854 1641 1073 1736 Εἷκάζοον
1036 1681 1093 1722 ovo
1120 1654 1219 1738 ἐστίν,

70 1753 123 1827 ὅτι
147 1753 216 1826 ἀπὸ
240 1759 359 1828 τούτου
374 1755 463 1826 καὶ
445 1786 464 1849 η
477 1762 572 1888 χώρα
582 1753 701 1883 Αραβί
702 1785 723 1826 α
738 1755 853 1849 ἤδη
815 1783 892 1826 τοτε
909 1751 1113 1843 ὠνομάζετο·
1136 1757 1220 1825 κατὰ

71 1863 106 1928 di
128 1860 206 1940 τοὺς
232 1855 343 1950 ἥρωας
370 1861 467 1945 τυχὸν
495 1862 578 1941 ἴσως
607 1858 713 1929 otoo.
755 1861 850 1948 Apud
872 1861 1049 1931 Hesiodum
1070 1860 1166 1947 igitur
1189 1868 1222 1928 et

71 1965 289 2034 Stesichorum
305 1966 428 2035 Arabes
451 1987 471 2033 a
485 1967 641 2034 Mercurio
657 1965 812 2050 originem
827 1963 960 2031 ducunt:
984 1963 1094 2046 quoin
1110 1955 1220 2049 mytho

69 2067 207 2135 similem
230 2058 336 2136 ine'sse
354 2068 546 2136 sententiam
566 2067 792 2152 aetiologicam
814 2072 912 2148 atque
926 2066 959 2132 in
973 2064 1133 2132 Babriano
1150 2063 1221 2149 (our

69 2170 196 2238 Arabes
218 2168 281 2235 sint
301 2174 448 2254 ψευσοαί
473 2194 509 2234 τε
536 2171 591 2235 καὶ
620 2167 750 2258 γόητες)
776 2189 840 2235 uon
861 2165 995 2252 negabis
1017 2165 1141 2235 collatis
1163 2166 1220 2251 eis,

69 2291 153 2353 quae
168 2269 291 2340 Preller
312 2269 459 2358 (Mythol.
475 2273 491 2338 Ι
505 2293 536 2358 p.
552 2275 615 2338 328
629 2270 745 2356 Plew.)
769 2277 801 2338 et
815 2268 958 2338 Roscher
970 2262 1138 2352 (Hermes
1161 2267 1221 2336 der

70 2365 251 2457 Windgott'
277 2394 308 2458 p.
323 2377 363 2438 48
379 2372 441 2458 sq.)
468 2372 685 2442 disseruerunt
712 2371 754 2440 de
782 2371 938 2439 Mercurio
965 2369 1070 2438 furum
1099 2371 1159 2438 deo
1187 2375 1220 2439 et

70 2475 288 2543 fraudatorum
300 2473 336 2560 ²).
379 2476 455 2543 Veri
483 2482 590 2542 autem
619 2496 683 2542 non
710 2473 865 2542 dissimile
887 2479 936 2539 est
960 2471 1064 2556 mythi
1084 2472 1219 2540 formam

71 2575 267 2643 Bahrianam
290 2577 436 2661 quamuis
457 2576 617 2645 nouiciam
639 2574 817 2662 penuariae
838 2574 1029 2641 mutationes
1050 2572 1124 2640 ad
1115 2593 1220 2658 rpsum

73 2679 290 2747 Stesichorum
312 2678 417 2747 redire
439 2699 460 2744 a
482 2678 639 2746 Strabone
667 2677 880 2762 nominatum,
908 2675 990 2742 sieut
1011 2673 1054 2742 ad
1076 2695 1149 2744 eum
1171 2697 1220 2744 re·
1305 2704 1397 2783 s

69 2781 170 2848 deunt
183 2781 276 2848 Bodl
291 2780 418 2849 Knoell.
434 2780 499 2848 fab
515 2784 555 2845 23
579 2785 661 2847 teste
683 2780 812 2848 Oratete
827 2781 1025 2864 Pergameno
1047 2778 1134 2863 apud
1148 2779 1218 2846 Ael.

69 2889 135 2949 nat.
157 2902 208 2948 an.
230 2882 331 2966 XVII,
355 2886 393 2948 37
419 2888 451 2951 et
474 2886 533 2948 117
558 2888 639 2950 teste
661 2883 791 2950 Aristot
807 2881 886 2950 rhet
905 2880 1050 2966 11,2o³)
1094 2879 1220 2950 Deinde

158 3107 181 3163 tt
204 3099 319 3175 Ἄραβος
340 3101 393 3156 hoc
416 3100 478 3156 loco
496 3113 594 3155 nomen
610 3100 752 3170 proprium
769 3098 860 3154 herois
877 3095 999 3154 Arabum
1017 3097 1143 3168 eponymi
1159 3112 1220 3154 esse

69 3191 198 3257 apparet3
218 3191 313 3242 contra
329 3185 428 3241 Aesch.
438 3184 513 3240 Pers.
523 3188 572 3239 318
589 3189 635 3237 καὶ
654 3185 747 3256 Μᾶγος
763 3181 877 3253 Ἄραβος
891 3178 1022 3254 Ἀρτὰμης
1038 3200 1070 3235 τε
1087 3179 1220 3252 Βάκτριος

68 3271 128 3340 ipse
145 3270 262 3341 populus
273 3270 469 3339 intellegendus
481 3269 589 3325 uidetur
600 3274 713 3339 propter
724 3267 905 3338 symmetriam
917 3272 1090 3336 (quamquem
1101 3267 1220 3324 Meinelr.

66 3356 166 3410 iterum
184 3370 234 3425 pro
253 3355 362 3411 nomine
379 3355 489 3425 proprio
506 3355 607 3421 habet).

155 3443 182 3504 2)
200 3439 288 3494 Aliter
305 3439 459 3495 Moumsins
477 3439 636 3495 Phoenizier
647 3437 682 3507 Π,
693 3441 740 3505 3‚1
761 3435 886 3503 (Hnndel)
903 3453 930 3506 p.
944 3439 992 3492 287
1012 3436 1063 3492 sub
1081 3435 1218 3495 Mercurio

66 3523 205 3580 Hesiodeo
222 3524 290 3578 Baol
306 3523 483 3579 Phoenicium
505 3524 590 3580 latere
612 3524 767 3594 suspicatus
789 3528 842 3578 est:
868 3521 938 3592 quod
962 3537 1017 3578 non
1039 3521 1135 3590 credo,
1157 3537 1219 3578 cum

68 3613 144 3665 certe
161 3623 215 3664 non
227 3608 313 3664 lateat
325 3609 375 3664 sub
388 3608 527 3666 Babriano
540 3609 645 3665 ratione
662 3609 736 3664 houd
747 3607 870 3664 dissimih
882 3622 942 3664 cum
954 3605 1091 3662 Arabibns
1105 3621 1218 3662 conexo,

156 3696 181 3759 ³)
200 3691 280 3748 Haud
302 3693 358 3751 scio
381 3709 417 3750 an
435 3694 583 3751 Stesichori
604 3695 725 3765 mythum
743 3709 760 3749 a
776 3692 913 3749 Babriano
931 3707 962 3749 eo
981 3691 1117 3748 diuersum
1134 3691 1219 3746 fuisse

67 3777 128 3846 quis
147 3777 288 3846 coniectet,
307 3779 380 3849 quod
392 3779 546 3836 Mercurius
560 3778 677 3850 posteris
696 3778 752 3834 suis
770 3794 873 3834 merces
889 3778 950 3834 illas
968 3772 1132 3846 (ψεύσματα,
1149 3771 1218 3830 derd-
1267 3774 1270 3782 '

67 3881 128 3928 την,
147 3869 316 3935 πανουργίηο
332 3866 436 3933 πᾶσαν)
454 3869 503 3919 ent
520 3879 612 3920 omnes
624 3869 672 3918 aut
685 3863 829 3919 maximam
840 3878 933 3920 earum
944 3866 1049 3934 partem
1060 3859 1133 3915 ultro
1145 3860 1217 3918 dono

67 3939 185 4013 dederit}
207 3946 279 4002 siout
300 3949 355 4006 fab.
376 3955 423 4006 165
442 3939 513 4006 Ebh.
531 3946 646 4021 ψεύδους
668 3946 812 4022 φάρμακον
829 3947 971 4018 opificibus
988 3944 1101 4016 praebet
1118 3945 1218 4018 (ἐγχεῖ),

67 4032 188 4088 omnium
206 4038 296 4090 autem
313 4035 459 4105 plurimum
477 4033 606 4090 coriariis.
643 4034 697 4091 Sed
712 4029 750 4088 ‘in
772 4031 890 4088 tenebris
910 4026 1059 4086 micamus'.
1093 4029 1218 4088 ceterum

65 4117 244 4174 memorabile
261 4123 303 4174 est
321 4120 394 4188 quod
409 4118 522 4188 legimus
540 4118 612 4189 apud
630 4119 757 4175 Damaso.
774 4117 823 4172 uit.
841 4115 905 4172 Isid.
924 4116 961 4184 (in
978 4114 1057 4183 Diog.
1070 4115 1160 4172 Laert.
1173 4117 1218 4173 ed.

117 4211 235 4264 Leipzigar
248 4213 348 4256 Studien.
368 4213 397 4256 ll.
982 4221 1014 4272 10
