2938 4688
539 359 572 416 de
589 359 684 416 Bahrii
700 364 798 416 aetam
1175 357 1236 418 153

88 532 342 602 Branchidarum
364 533 417 600 aui
439 539 572 619 patrem,
594 531 796 600 referendum
816 551 889 600 esse
911 537 1027 599 censet.
1071 532 1141 598 Iam
1165 551 1236 600 oon-
1298 593 1301 600 .

9 721 13 726 ν
89 643 271 742 starem
192 635 361 724 Seleucum
365 656 443 732 pro
446 635 605 729 Apollrnrs
617 634 683 702 dho
696 634 848 708 habitum
852 651 926 705 esse
935 633 1111 720 (Trogus
1085 634 1155 722 XV
1164 640 1183 699 4
1185 632 1236 730 ,3)
1290 687 1296 692 .
1326 669 1347 684 -ν

90 759 296 836 sororemque
316 717 469 806 hahuisse
468 727 685 823 Didymaeae
703 736 831 804 nomine
846 733 1027 821 praeditam
1042 735 1102 821 (1ο.
1117 683 1237 804 Malata

87 843 165 910 VIII
186 865 218 928 p
226 838 327 926 252);
356 857 435 907 οιιιιι·
456 841 584 908 oraculo
607 845 714 907 autem
736 835 988 906 Branchidarum
1014 839 1237 908 commercium

89 965 163 1013 eum
177 943 329 1012 habuisse
344 963 385 1009 ex
401 943 607 1028 inscriptione
622 941 766 1009 01.οι
783 944 866 1006 2852
880 941 1023 1024 locisque
1037 961 1059 1006 a
1072 939 1237 1009 Boeclxhio

88 1047 215 1115 collatis
236 1043 391 1129 intellegi
435 1045 541 1124 Quare
562 1064 626 1112 non
647 1063 743 1129 posse
765 1042 907 1111 dubitari
913 1044 1044 1155 quin
1034 1062 1073 1108 ex
1098 1043 1238 1110 Seleuci·
1264 1093 1266 1096 -

89 1149 203 1240 darum
225 1147 349 1242 familia
369 1146 535 1213 Branchus
556 1145 613 1213 ille
633 1146 744 1213 Bahrii
766 1120 919 1212 oriundus
941 1146 995 1212 sit·
987 1125 1117 1265 ²thss
1131 1152 1238 1214 autem

89 1252 219 1319 obstare
241 1249 409 1334 quominus
422 1237 609 1327 ‘Branchus
625 1241 743 1314 nomen
746 1237 806 1314 sit
827 1232 983 1366 puerile
973 1248 1074 1332 rpsius
1089 1248 1237 1316 Antiochi

88 1351 526 1440 VlldpiplranisDiouysi,
523 1349 700 1430 Alexandri
721 1348 788 1433 dlii,
814 1349 868 1446 qui
890 1349 1001 1416 decem
1023 1369 1123 1418 annos
1144 1357 1238 1418 natus

77 1478 109 1548 ‚a
132 1456 306 1542 Tryphone
325 1453 514 1521 interiectus
528 1453 573 1522 sit
593 1452 742 1538 (Mueller
763 1454 816 1518 trr.
840 1451 912 1517 hist.
935 1451 1020 1537 Hp.
1039 1452 1126 1538 XX)
1171 1453 1239 1521 Sed

87 1558 203 1626 ultima
223 1558 305 1624 haec
326 1557 380 1624 uel
401 1576 440 1623 eo
462 1556 658 1638 refelluntur,
686 1552 772 1637 quod
793 1551 876 1621 inter
896 1553 1047 1638 priorem·
1057 1553 1237 1622 fabularum

87 1661 203 1727 librum
232 1658 284 1726 uel
314 1657 486 1727 editionem
517 1664 549 1724 et
577 1656 783 1744 posteriorem
812 1655 887 1722 anni
916 1655 1003 1722 haud
1023 1656 1118 1742 pauci
1140 1655 1238 1724 inter·
1271 1716 1273 1724 ,

87 1763 204 1830 tuerint
231 1779 363 1828 necesse
391 1767 440 1828 est
462 1764 598 1846 propter
625 1759 802 1826 imitatores
829 1757 903 1826 illos
929 1758 1061 1827 alterius
1082 1758 1238 1844 prooemii

87 1887 118 1932 ιι.
136 1867 154 1929 8
169 1883 239 1946 sqq.

242 1956 303 2029 ὑπ’
330 1962 411 2048 ἐμοῦ
434 1963 470 2030 δὲ
491 1962 628 2051 πρώτου
649 1965 709 2051 τῆς
733 1961 841 2051 θύρης
864 1954 1079 2050 ἀνοιχθείσης

242 2065 403 2155 εἰσῆλθον
425 2062 522 2133 ἄλλοι
542 2068 599 2132 κα)
621 2069 815 2154 σοφωτέροις
839 2063 965 2152 μούσης

240 2174 375 2259 γρίφοις
398 2163 518 2252 ὁμοίας
540 2165 718 2255 ἐκφέρουσι
739 2165 896 2255 ποιήσεις
917 2170 984 2234 κτλ.

86 2273 268 2340 nominatos
281 2272 319 2357 1):
347 2272 395 2340 ita
423 2280 458 2340 ut
486 2292 526 2341 ex
548 2269 761 2338 Gutschmidii
787 2270 945 2338 sententia
968 2270 1095 2338 fabulas
1116 2271 1238 2357 priores

85 2377 205 2443 infanti
226 2376 293 2445 fere
314 2372 446 2442 lactenti
460 2372 597 2440 Babrius
620 2372 789 2440 dedicasse
803 2372 964 2458 putandus
979 2373 1030 2441 sit.
1066 2375 1239 2443 Praeterea

84 2477 246 2562 plurimae
269 2474 356 2560 apud
378 2476 529 2541 Babrium
551 2475 700 2560 leguntur
721 2475 866 2557 fabulae,
891 2494 971 2558 quas
986 2475 1147 2543 hominem
1161 2498 1238 2544 non-

86 2577 167 2644 dum
189 2577 302 2644 decem
323 2596 423 2644 annos
445 2583 555 2643 natum
577 2596 648 2643 cum
669 2575 859 2662 intellegere
874 2577 942 2644 ueri
955 2597 1020 2644 non
1034 2577 1148 2663 simile,
1171 2584 1239 2647 tum

84 2678 218 2748 omnino
240 2679 347 2763 legere
368 2676 459 2745 nefas
480 2678 536 2745 sit:
564 2680 603 2745 ct.
625 2679 647 2743 f.
671 2681 699 2744 2.
724 2682 773 2744 10.
799 2683 846 2745 15.
863 2682 913 2745 30.
930 2682 979 2747 32.
996 2678 1074 2764 (34).
1091 2685 1141 2749 40.
1157 2681 1254 2766 (48).-

86 2787 139 2847 54.
156 2778 235 2866 (08).
255 2777 443 2864 116.(119).
461 2783 519 2844 127
535 2779 589 2846 all.
627 2779 814 2848 Seleucides
836 2787 944 2850 autem
963 2781 1145 2851 Branchum
1167 2805 1238 2853 esse

86 2890 122 2950 et
150 2880 371 2951 Alexandrum
401 2882 590 2950 coniecturis
618 2882 682 2950 illis
712 2884 911 2969 comprobari
939 2884 1025 2952 haud
1054 2892 1240 2954 cunctanter
1268 2891 1274 2961 l

85 2983 314 3069 concederem,
343 2985 372 3052 si
393 2991 597 3070 argumenta,
624 2986 738 3069 quibus
760 2986 872 3053 Keller
893 2986 1119 3071 Hertzhergius
1142 2990 1240 3057 ceteri
1269 2975 1270 2985 ¹

83 3087 121 3154 in
142 3087 237 3171 Syria
264 3092 393 3171 poetam
421 3090 454 3154 et
482 3092 556 3154 ante
585 3095 725 3156 aetatem
755 3089 933 3155 Romanam
961 3088 1081 3156 uixisse
1109 3087 1237 3158 demon·
1269 3106 1271 3115 ·

84 3195 190 3255 strare
218 3190 324 3257 conati
345 3194 433 3272 sunt,
464 3188 606 3272 aliquam
627 3190 784 3257 haherent
809 3191 884 3258 uim.
929 3189 995 3256 Sed
1016 3194 1103 3256 recte
1124 3191 1153 3256 si
1174 3190 1236 3259 dis-

83 3290 199 3377 putuui
220 3312 284 3359 non
305 3291 434 3360 hubent.
467 3292 581 3374 Itaque
595 3291 776 3358 Branchum
797 3311 913 3359 nomen
929 3290 971 3358 ad
986 3291 1237 3362 Branchidarum
1282 3318 1285 3326 =

84 3393 253 3460 oraculum
274 3393 473 3461 referendum
496 3381 871 3462 esse‘s'i'Gutschmidius
893 3393 952 3462 tihi
972 3394 1141 3482 persuasit,
1164 3416 1237 3464 οοιι-

84 3495 211 3560 iectura
231 3495 319 3560 haud
341 3495 487 3562 dissimili
508 3516 584 3564 usus
606 3496 761 3584 suspicari
782 3495 886 3583 possis
903 3495 1014 3578 Mileti,
1037 3496 1127 3563 cuins
1149 3499 1236 3564 urhis

83 3595 290 3663 Branchidae
313 3605 403 3663 erant
425 3617 496 3663 cum
518 3598 646 3665 oraculo
664 3587 881 3683 celeberrimo,
904 3595 1123 3666 Alexandrum
1138 3598 1237 3664 luisse
1307 3676 1309 3686 Ι
1425 3647 1427 3656 ι

84 3683 318 3782 regemquasi
345 3697 556 3766 sacrificulum
578 3735 617 3744 -
641 3700 722 3766 tales
750 3701 833 3768 enim
855 3719 948 3786 reges
970 3718 1071 3782 usque
1093 3700 1136 3767 ad
1159 3706 1236 3769 tem·
1308 3710 1311 3738 ²

85 3795 169 3885 pora
183 3801 262 3867 satis
276 3801 416 3867 recentia
429 3800 512 3866 inter
527 3794 731 3885 magistratus
746 3802 888 3870 Milesios
903 3801 1002 3868 fuisse
1016 3799 1164 3888 scimus)
1184 3840 1236 3889 —,
1311 3834 1315 3889 ι

176 3953 201 4016 1)
226 3949 326 4005 Decem
348 3948 407 4003 iere
431 3963 518 4006 annos
537 3951 712 4021 interpositos
729 3967 789 4009 esse
806 3913 905 4024 putant
921 3952 1020 4021 Bergk.
1036 3953 1053 4007 l.
1067 3967 1089 4008 s.
1103 3970 1126 4010 s.
1143 3971 1170 4024 p.
1189 3958 1236 4010 1³⁰
1315 3954 1318 3965 '

84 4036 133 4102 (²ss
145 4033 201 4090 ind.
209 4034 271 4089 leot.
281 4033 369 4087 Marh.
379 4037 444 4088 1845
459 4049 486 4102 p.
495 4034 545 4102 ΠΙ)
563 4040 591 4092 et
607 4037 698 4094 Keller
715 4053 741 4106 p.
751 4041 810 4093 408.

176 4123 202 4186 2)
220 4119 347 4174 Testatur
364 4117 434 4190 lapis
451 4120 550 4177 aetatis
561 4121 700 4178 Romanae
717 4121 763 4189 (cl.
780 4125 959 4176 Φαιστινιίιι
977 4124 1086 4188 nomen)
1104 4123 1236 4181 Branchi·
