2938 4688
240 264 301 326 172
718 267 782 323 Otto
801 266 912 323 Orosius

240 438 316 523 quin
343 460 365 504 a
392 440 656 506 Romanorum
686 439 912 525 disciplina
942 442 1114 509 metrica
1144 440 1392 528 deprompta

239 541 280 607 sit
302 541 357 606 uix
379 546 486 628 potest
507 541 654 610 dubitari.

323 643 398 710 Alia
427 651 535 710 autem
563 645 670 712 insunt
691 644 724 710 in
747 646 891 712 uersibus
913 646 1041 732 Babrii,
1072 666 1154 731 quae
1177 647 1302 714 etiamsi
1325 670 1391 716 non

238 745 370 830 perinde
397 753 494 828 atque
524 766 607 829 quac
640 747 735 815 modo
769 747 905 814 tractaui
937 748 978 814 ab
1013 747 1163 814 uniuersa
1193 749 1392 819 Graecorum

238 848 328 932 poesi
351 855 424 914 sunt
445 848 566 928 aliena,
589 854 698 916 tamen
721 870 741 916 a
763 849 1076 935 choliambographis
1093 851 1224 918 Graecis
1246 852 1393 922 admissa

238 951 291 1017 uel
314 950 443 1016 exculta
464 971 528 1018 non
550 957 632 1032 sunt,
659 951 716 1018 sed
739 972 759 1018 a
781 952 858 1018 solis
880 951 1032 1018 Romanis
1054 953 1292 1022 recentioribus.
1338 957 1392 1022 Ex

238 1050 379 1136 spondeo
410 1051 538 1135 quidem
567 1054 600 1119 in
630 1054 738 1136 quinto
766 1053 850 1140 pede
879 1055 978 1120 uitato
1006 1055 1088 1121 nihil
1118 1057 1264 1122 concludi
1290 1076 1391 1141 posse

238 1153 483 1222 Schneidewino
506 1156 662 1223 concedo:
685 1159 722 1222 oi.
739 1177 769 1242 p.
788 1159 849 1221 129
872 1175 953 1240 quae
975 1156 1146 1241 disputari.
1184 1157 1248 1225 Sed
1269 1162 1391 1228 summi

239 1257 391 1323 momenti
413 1259 652 1345 trisyllaborum
674 1258 793 1344 pedum
816 1295 857 1304 —
879 1260 1056 1345 anapaesti,
1080 1260 1241 1344 tribrachi,
1265 1260 1393 1348 dactyli

238 1395 280 1406 -
303 1365 352 1426 est
374 1379 465 1428 usus:
498 1382 560 1444 qno
583 1360 623 1427 de
644 1360 869 1429 Lachmannns
891 1362 1070 1429 Meinehius
1092 1362 1297 1430 Eberhardus
1319 1371 1391 1432 tam

237 1469 386 1530 accurate
408 1463 639 1548 disseruerunt,
668 1469 703 1531 ut
733 1485 792 1549 ego
820 1483 882 1530 non
911 1469 977 1529 tam
1005 1483 1077 1530 mea
1103 1484 1187 1531 nunc
1209 1486 1390 1552 proponam

239 1582 335 1646 quam
356 1565 485 1631 illorum
508 1566 748 1633 obseruationes
770 1567 802 1632 in
825 1585 902 1632 usus
925 1586 1012 1634 meos
1035 1572 1227 1634 conuertam.

321 1667 391 1732 Iam
414 1667 539 1752 singula
561 1667 737 1736 uideamus.
781 1670 984 1754 Anapaestus
1006 1668 1183 1754 inauditus,
1207 1670 1391 1739 tribrachus

237 1774 271 1835 et
285 1767 432 1855 dactylus
448 1771 526 1838 satis
541 1790 630 1837 rarus
647 1776 695 1838 est
708 1770 795 1858 apud
810 1769 1132 1854 choliambogrspbos
1146 1777 1281 1856 ueteres,
1298 1775 1391 1842 uelut

236 1870 269 1936 in
292 1872 454 1956 octoginta
475 1872 700 1959 Hipponactis,
731 1873 818 1940 cuins
841 1893 892 1940 ars
914 1872 972 1938 luit
993 1873 1172 1957 liberrima,
1199 1874 1390 1959 fragmentis

236 1973 455 2042 choliamhicis
477 1995 497 2040 a
517 1975 676 2043 Meinckio
698 1996 728 2061 p.
744 1978 892 2040 92-132
912 1975 1063 2058 collectis,
1086 1994 1168 2057 quae
1193 1978 1266 2061 plus
1290 1995 1389 2059 quam

239 2081 298 2142 150
314 2097 427 2145 uersu-s
443 2078 613 2162 continent,
636 2085 828 2164 anapaestus
842 2078 957 2160 nullus,
973 2083 1037 2144 tres
1053 2076 1185 2163 dactyli,
1200 2099 1257 2146 sex
1274 2081 1388 2147 tribra-

237 2177 325 2263 chi1)
349 2179 552 2247 inueniuntur
567 2179 675 2264 (Mein.
699 2201 729 2266 p.
755 2179 818 2264 90),
841 2198 973 2263 quorum
988 2179 1132 2265 plerique
1155 2184 1388 2249 necessarii

236 2285 327 2347 erant
348 2288 513 2367 propter
534 2283 696 2349 nomina
717 2282 899 2368 propria,
924 2283 963 2348 cf.
979 2284 1015 2348 ir.
1032 2268 1119 2346 aiii
1135 2281 1386 2366 litaldopdvrloi,

239 2386 334 2466 13,4
363 2377 515 2472 pvplpoc'
537 2379 678 2470 ἌτυΙος,
712 2387 752 2449 60
770 2377 981 2468 Ἀναῐξίβιος,
1012 2389 1051 2448 67
1076 2377 1221 2473 [siclam]
1241 2377 1386 2473 'lipsind-p

237 2485 373 2575 δέλφαξ.
418 2489 524 2565 Etiam
545 2489 732 2571 sonoriores,
755 2495 790 2554 nt
812 2493 1057 2556 consentancum
1081 2495 1144 2570 cst,
1174 2488 1387 2555 Alexandrini

234 2589 361 2657 fuerunt
382 2597 510 2676 poetae,
536 2611 610 2658 nam
633 2590 718 2676 apud
742 2589 971 2657 Callimachum
995 2590 1208 2675 coryphaeum
1230 2591 1264 2656 in
1288 2591 1386 2658 uersi·
1415 2661 1417 2666 ,

234 2693 295 2757 bus
317 2693 384 2760 iere
407 2692 619 2775 quadraginta
640 2693 690 2758 bis
709 2698 832 2759 tantum
851 2691 998 2779 dactylus
1022 2691 1066 2776 (3,
1083 2697 1100 2757 3
1118 2699 1150 2759 ct
1169 2698 1215 2776 10,
1232 2697 1274 2775 3),
1299 2694 1386 2780 apud

236 2799 358 2861 ceteros
374 2802 509 2880 excepto
524 2795 625 2861 altero
639 2794 839 2879 potissimum
855 2793 1022 2861 Phoenicis
1041 2795 1180 2863 carmine
1191 2795 1225 2880 2),
1248 2797 1387 2862 nulius

236 2896 362 2962 omnino
385 2915 456 2981 pes
480 2896 728 2980 trisyllabus
749 2896 908 2963 inuenitur
928 2897 961 2963 in
984 2896 1129 2963 uersibus
1151 2897 1276 2965 circiter
1299 2902 1340 2966 80
1352 2899 1387 2982 3).

323 3039 346 3100 1)
365 3033 473 3103 Septem
491 3036 561 3087 teste
579 3029 715 3085 Meinekio
733 3030 751 3084 l.
770 3045 791 3084 s.
810 3046 847 3096 s.,
873 3029 920 3085 sed
937 3030 970 3084 ir.
994 3035 1037 3095 ts,
1056 3034 1071 3084 2
1093 3028 1166 3099 quod
1183 3031 1293 3100 scripsit
1311 3031 1388 3103 παρὰ

235 3117 303 3187 triv
319 3115 479 3187 ἈλυΙάττεω
498 3115 693 3171 Schneidewini
710 3118 753 3170 est
771 3116 927 3171 coniectura
950 3130 1038 3183 neque
1062 3116 1217 3170 necessaria
1241 3122 1268 3170 et
1287 3132 1387 3185 parum

235 3203 384 3271 probabilis
401 3209 513 3274 propter
524 3207 611 3257 artem
624 3201 947 3270 cholicmbographorum,
966 3213 1080 3270 qnorum
1093 3216 1171 3255 nemo
1184 3207 1246 3256 ante
1257 3201 1387 3256 Babrium

234 3289 262 3343 in
279 3288 394 3358 pedibus
413 3304 443 3343 se
460 3288 655 3356 excipientibus
674 3303 748 3343 arses
768 3287 858 3342 soluit.
888 3286 1016 3341 Codicum
1027 3281 1162 3339 Ἀττάλεω
1174 3286 1306 3354 Bergkius
1319 3287 1385 3356 lyrr.

234 3389 262 3442 p.
274 3377 323 3428 756
341 3373 401 3427 iure
418 3373 545 3428 restituit.

320 3461 345 3522 2)
364 3457 441 3526 Quod
459 3457 620 3525 singularem
638 3457 720 3512 babet
735 3455 928 3521 condicionem,
947 3456 981 3510 cf.
992 3453 1073 3509 Mein.
1084 3471 1110 3524 p.
1121 3459 1153 3509 90
1167 3461 1247 3510 exta:
1267 3451 1387 3511 ‘uidetur

235 3543 356 3598 Phoenix
374 3543 407 3598 de
424 3543 558 3598 industria
575 3541 774 3597 remissioribus
792 3543 821 3594 in
838 3540 884 3596 illo
905 3541 1022 3595 carmine
1040 3541 1157 3596 numeris
1176 3556 1243 3595 usus
1263 3555 1334 3606 esse,
1353 3543 1384 3596 in

235 3644 287 3698 qno
307 3643 389 3696 quum
407 3627 471 3682 Nini
488 3628 660 3698 Assyriorum
678 3627 748 3695 regis
765 3626 891 3681 mollities
908 3626 1043 3691 rideatur,
1067 3640 1122 3679 non
1144 3625 1202 3680 sine
1220 3625 1286 3680 artis
1304 3627 1386 3682 laude

233 3728 360 3769 numeros
379 3716 536 3782 argumento
557 3713 682 3767 carminis
700 3707 912 3780 attemperauit'.
947 3711 1020 3767 Idem
1041 3710 1114 3765 ualet
1131 3709 1164 3764 de
1182 3709 1216 3765 ir.
1231 3714 1283 3778 3,3
1302 3709 1386 3778 ἔλαβε

234 3796 356 3853 πελλίδα.
392 3799 478 3854 Simili
497 3797 612 3853 artificio
630 3811 697 3851 usus
709 3796 871 3852 Theocritus
889 3797 917 3850 in
934 3795 1113 3865 Hipponactis
1132 3793 1323 3863 epigrammate
1341 3795 1385 3850 s'e-

233 3884 349 3952 pulcrali
365 3884 408 3939 bis
427 3884 576 3958 spondeum
593 3883 621 3936 in
639 3882 761 3951 quintum
779 3881 874 3952 pedem
892 3880 1000 3936 admisit
1018 3883 1113 3936 contra
1130 3879 1217 3947 legem
1228 3880 1385 3949 primariam

234 3969 489 4037 Alexandrinorum,
508 3967 637 4037 cip-129
653 3965 715 4024 adn.
729 3972 749 4021 1.

321 4059 346 4121 3)
364 4055 576 4110 lucentissimum
593 4057 635 4108 est
652 4052 724 4122 quod
736 4052 817 4107 Mein.
828 4050 928 4107 Herod.
940 4057 964 4118 l,
977 4056 988 4104 1
999 4067 1025 4120 p.
1038 4054 1085 4105 149
1104 4049 1212 4118 scripsit
1224 4065 1258 4103 ex
1270 4049 1386 4105 Gesneri
