2934 4690
502 344 535 399 de
552 343 646 399 Bahrii
663 347 760 399 aetatu
1147 336 1209 399 199

75 521 246 583 cardoneto
262 517 422 585 inuenitur
435 516 497 582 nisi
512 515 599 603 apud
618 515 862 598 recentissima
885 514 974 582 uelut
989 513 1059 581 Ael.
1076 516 1140 579 nat.
1157 532 1207 579 an.

73 622 103 702 ll,
118 625 164 686 57.
180 621 217 702 V,
235 624 274 698 54
297 622 505 684 coadoratur
527 641 563 683 τε
584 620 641 683 καὶ
662 616 869 684 πανδαισίαν
893 609 1125 704 ἀφθονώτατα
1143 612 1210 696 ἐχει

73 721 155 805 (quae
169 717 340 788 B'ahrianis
362 721 426 787 illis
448 727 522 787 sunt
543 719 732 805 simillima),
756 719 910 806 Origenes
926 738 953 785 o.
969 719 1050 786 (tels.
1068 718 1151 802 VIII,
1169 721 1208 781 24

73 833 89 890 t.
107 827 121 890 Ι
139 846 168 910 p.
192 828 254 888 760
277 824 307 889 A
330 828 362 890 et
383 824 414 888 D
441 824 643 910 κοινωνῆσαι
670 825 729 910 της
758 826 979 901 πανθοινίας,
1011 823 1209 886 πανθοινέω

73 931 164 992 autem
193 933 225 994 et
255 929 422 991 πανθυιυί
451 926 511 992 soli
543 925 744 1010 grammatici
776 925 932 1010 praebent
966 919 1110 991 eiusdem
1142 923 1209 989 fere

73 1027 173 1094 aetatis
197 1026 399 1111 (Fauorinus,
422 1025 646 1112 Herodianus).

146 1133 214 1214 138,
231 1136 249 1195 5
266 1129 355 1214 (135,
371 1127 404 1212 2)
424 1120 549 1210 χιόπως
572 1127 626 1216 ἐ’χῃ
646 1155 680 1195 τι
701 1126 946 1216 βουκόλημα
967 1130 1038 1214 της
1061 1124 1208 1213 λύπης,

72 1232 198 1315 ο1.19,7
222 1233 400 1319 παρῆλθεν
423 1222 508 1296 ούτω
530 1231 794 1315 βουκολούσα
816 1227 888 1317 τὴν
912 1228 1052 1316 λύπην.
1092 1225 1210 1311 βουκό-

73 1333 147 1420 λημα
168 1333 360 1400 uocabulum
383 1352 463 1399 unus
486 1334 677 1400 Heliodorus
695 1335 729 1417 V,
753 1337 772 1397 2
795 1332 956 1399 adhibuit:
980 1327 1043 1416 ἐγὼ
1068 1329 1104 1395 δὲ
1126 1327 1209 1415 μόνη

71 1437 117 1500 καί
137 1433 278 1523 ἐρημος.
296 1485 303 1500 .
321 1485 328 1500 .
344 1433 443 1523 τύχης
456 1434 684 1523 βουκολήμασι
704 1437 828 1522 πικρᾶς
844 1432 1019 1521 ἐκκειμένη,
1043 1433 1097 1499 uhi
1112 1433 1211 1498 alium

73 1556 186 1603 nusum
213 1538 313 1605 habet
341 1536 505 1604 custodiae
534 1538 565 1602 ni
594 1538 689 1603 fallor
717 1544 749 1604 et
778 1536 902 1603 arbitrii
932 1533 986 1620 (cl.
1015 1539 1211 1617 ποιμαίνειν

72 1637 153 1705 Babr.
169 1643 221 1722 43,
238 1639 282 1722 6).
320 1638 386 1706 Sed
407 1639 578 1723 βουκολεῖν
600 1638 697 1706 etiam
715 1639 820 1724 ipsum
837 1637 1056 1724 permulcendi
1071 1635 1211 1705 leniendi

72 1739 239 1826 decipiendi
261 1741 390 1808 notione
413 1760 433 1806 a
453 1742 682 1808 recentioribus
696 1741 898 1827 potissimum
913 1745 1090 1826 usurpatur.
1129 1739 1210 1806 Con·

71 1841 198 1909 ferantur
221 1843 304 1909 Plut.
326 1843 405 1909 Mor.
427 1864 458 1928 p.
478 1846 515 1907 13
539 1843 566 1907 E
595 1894 602 1908 .
628 1894 635 1908 .
660 1841 858 1931 ἐβουκόλησέ
886 1866 971 1908 ποτε
993 1834 1039 1907 δι’
1066 1840 1210 1924 οἰκέτου;

71 1944 135 2011 huc.
150 1944 239 2011 diall.
252 1952 342 2011 mort.
356 1951 384 2028 5,
398 1949 417 2010 2
440 1943 653 2028 διαβουκολεῖ
674 1937 793 2022 αύτούς
808 1947 865 2010 καί
880 1943 1023 2029 ἐλπίζει;
1045 1943 1153 2010 Amor.
1170 1946 1210 2008 38

73 2038 230 2132 ἇλλότριοι
260 2044 296 2110 δέ
323 2046 444 2130 κόσμοι
473 2044 510 2111 τὸ
541 2049 599 2134 της
630 2045 763 2134 φύσεως
792 2039 943 2132 ἀπρεπὲς
975 2045 1209 2130 βοοκολούσιν;

72 2148 159 2234 Ocyp.
183 2153 201 2214 8
232 2140 324 2226 ἅπας
351 2147 412 2233 γὰρ
443 2143 543 2213 αύτόν
571 2149 726 2232 βουκολεῖ
750 2148 992 2234 φευδοστομιύν
1014 2147 1065 2232 (cf.
1089 2149 1209 2230 Trago-

72 2250 134 2336 dop.
157 2249 229 2335 29);
259 2250 442 2318 Philostrat.
466 2270 515 2336 ep.
539 2254 579 2316 62
609 2249 702 2334 α’ίμοι
729 2249 974 2339 βεβοοκόλημαι
1002 2243 1019 2316 ό
1044 2249 1207 2332 δείλαιος;

71 2352 188 2420 Maxim.
201 2354 350 2438 Tynlp.
366 2357 421 2417 171
447 2351 605 2439 καθάπερ
629 2353 665 2419 αλ
686 2357 806 2420 τίτθαι
828 2351 905 2430 τούς
928 2352 1055 2429 παῖδας
1074 2350 1128 2418 διὰ
1148 2378 1210 2436 μυ-

71 2456 223 2541 θολογίας
236 2454 449 2538 βουκολούσι;
474 2456 632 2522 Aristaen.
647 2456 673 2539 I,
690 2459 708 2518 5
726 2453 770 2538 (p.
784 2459 824 2518 26
840 2454 957 2538 Boiss.)
975 2454 1209 2543 προδιέθηκεν,

72 2547 174 2633 ὅπως.
189 2607 196 2622 .
211 2554 472 2642 ,βουκολήσουσι
495 2558 547 2638 (cl.
564 2578 594 2642 p.
608 2556 684 2639 520)
698 2553 756 2622 τὸν
772 2554 977 2643 πρεσβύτην;
1000 2558 1074 2623 Aes.
1090 2558 1130 2623 H.
1150 2559 1209 2621 199

70 2657 278 2746 πεπλάνησαι
300 2708 307 2724 .
332 2708 339 2722 .
365 2708 372 2722 .
396 2656 509 2724 ἐλπίδι
538 2662 726 2745 προσέχων,
756 2650 829 2746 η’τις
855 2658 1026 2742 βουκολεῖν
1048 2657 1108 2741 μὲν
1131 2654 1211 2738 οἶδε,

70 2764 195 2847 τρέφειν
218 2759 254 2826 δέ
277 2754 432 2844 οὐδαμῶς
454 2768 486 2829 et
502 2766 541 2826 53
566 2761 598 2828 οἱ
615 2761 650 2826 δὲ
665 2761 745 2826 θεολ
758 2758 956 2844 βουλόμενοι
973 2753 1073 2826 αύτδν
1091 2755 1211 2850 (ἄνδρα

72 2861 203 2948 φένακα)
230 2859 265 2928 ἐν
292 2867 386 2951 μέρει
416 2856 692 2950 όιντιβουκολησαι
720 2856 801 2950 όναρ
825 2854 915 2947 αύτηῖ
938 2860 1105 2948 ἔπεμψαν.
1150 2863 1212 2930 Hie

71 2984 153 3048 usus,
181 2984 237 3031 seu
266 2964 402 3030 abusum
432 2964 539 3031 dicere
566 2968 684 3048 munh,
712 2965 961 3050 ascriptoribus
983 2965 1210 3032 uetustioribus

72 3073 214 3146 quantum
243 3083 303 3146 ego
331 3066 397 3131 scio
427 3066 551 3133 alienus
582 3074 646 3152 est,
675 3088 750 3134 nam
774 3066 903 3134 diuersa
924 3072 997 3133 sunt
1018 3065 1115 3150 (quae
1139 3087 1209 3134 oum

70 3166 128 3232 illis
155 3166 305 3235 confundi
332 3167 450 3252 solent)
476 3170 631 3254 Aeschyli
664 3166 900 3252 ἐβουκολοῦμεν
934 3173 1108 3256 φροντίσιν
1138 3174 1212 3235 νέον

71 3266 179 3345 πάθος
200 3270 314 3354 Agam.
327 3273 388 3334 669
402 3265 561 3356 ‘pauimns
576 3276 682 3337 mente
697 3291 814 3337 nouum
831 3263 1025 3354 maerorem',
1048 3271 1101 3338 uel
1116 3269 1213 3338 τόνδε

70 3369 322 3453 βουκολούμενος
345 3369 450 3438 πόνον
472 3373 492 3438 1.
517 3393 543 3440 e.
567 3373 675 3458 furias,
702 3374 793 3439 Eum.
820 3375 889 3456 178,
911 3378 966 3439 aut
988 3374 1212 3461 Aristophanis

70 3469 152 3536 κάτω
178 3470 263 3559 κόρα
292 3473 398 3559 ῥίψας
427 3498 469 3556 με
496 3474 733 3562 βουκολήσεται
765 3474 859 3541 Pacis
889 3479 946 3540 153
968 3470 1142 3561 ‘pascetur’
1168 3498 1211 3544 sc.

71 3562 150 3660 ὀδμῇ
176 3576 229 3641 uel
257 3573 374 3662 κόπρῳ
403 3575 457 3656 (cs.
479 3596 508 3643 u.
536 3581 595 3642 150
610 3576 694 3662 sqq.)
707 3576 746 3661 ¹):
775 3582 872 3661 atque
897 3598 937 3645 ne
961 3577 1132 3662 βουκολεῖν
1154 3576 1213 3643 τόν

73 3670 181 3759 δήμιον
205 3675 334 3759 quidem
350 3678 436 3743 Eccl.
454 3682 490 3744 81
516 3679 613 3763 plane
634 3679 739 3746 simile
754 3686 812 3761 est,
836 3700 907 3746 curn
923 3699 1005 3762 quae
1020 3679 1212 3747 antecedant

151 3846 173 3907 l)
191 3843 285 3911 Inepte
301 3843 461 3898 scholiasta:
481 3844 507 3897 οἱ
525 3841 567 3897 δὲ·
586 3845 637 3913 τὴν
649 3844 768 3916 κεφαλὴν
779 3844 854 3900 κάτω
869 3841 982 3912 ποιήσαι
997 3847 1071 3916 ῥίψει
1086 3867 1120 3914 με
1135 3853 1211 3914 βου-

72 3923 223 3992 κοληθεὶε
246 3933 303 3980 καὶ
327 3924 531 3982 δελεασθεὶς
549 3931 583 4002 τῇ
601 3926 693 4005 όδαδῇ
710 3933 770 3984 τῶν
790 3925 1016 3999 ἀποπατημόταν
1035 3932 1103 4000 (ipse
1120 3932 1213 3988 Babrii

72 4023 160 4066 uersus
177 4012 206 4065 in
223 4010 323 4067 Aldina
341 4012 451 4068 additus
469 4030 524 4069 non
542 4018 632 4069 exstat
648 4015 677 4069 in
695 4015 844 4071 codicibus:
864 4014 898 4070 cs.
916 4014 1022 4070 Duebn.
1033 4033 1059 4084 p.
1070 4021 1140 4084 466),
1165 4017 1212 4086 qui

72 4093 227 4152 inerrorem
244 4097 371 4152 inductus
391 4101 433 4153 est
449 4099 546 4153 aetatis
565 4115 631 4154 suae
649 4101 851 4157 consuetudine.
