2934 4690
228 311 290 374 232
709 316 773 372 Otto
792 317 903 374 drusius

227 488 320 572 cippo
342 488 514 572 sepulcrali
541 509 583 555 an
611 510 668 573 pro
697 488 867 557 simulacro
890 490 1042 558 Hermam
1072 492 1232 574 quendam
1262 493 1388 562 uendat

227 589 361 673 dubitet,
384 589 480 658 deum
503 591 657 676 conspicit
679 588 713 657 ἐν
735 589 859 669 πύλαις
881 583 1059 680 ὀνειρεῖαις

429 705 483 775 εσὺ
507 702 560 797 dq'
587 711 724 795 λέγοντα
744 703 848 794 (τάμὰ
871 713 927 776 νῦν
949 711 1150 800 ταλαντείῃ·

431 800 536 900 ἢγάρ
557 835 599 895 με
622 809 734 899 νεκρὸν
756 802 777 900 ἢ
799 811 883 879 θεὸν
906 811 946 878 σύ
970 808 1157 902 αοιήσεις.’,

227 937 326 1013 atquc
347 930 490 996 fabrili
512 931 608 998 homo
632 931 682 997 cui
704 951 755 1000 res
776 951 928 1017 prospere
950 953 1015 999 non
1037 933 1210 1001 succedunt
1225 935 1381 1004 Hermam

227 1032 368 1115 ligneum
391 1033 489 1100 iratus
511 1033 600 1100 humi
621 1031 766 1116 discutit,
790 1039 822 1101 et
843 1033 898 1099 ubi
921 1055 962 1101 ex
983 1032 1118 1102 discussi
1141 1038 1245 1123 eapite
1269 1057 1382 1104 aurum
1461 1065 1462 1130 p

229 1134 361 1202 effluens
385 1134 474 1202 uidet
496 1127 604 1203 ridens
627 1134 717 1200 dicit:

938 1215 1081 1308 Ἑρμεία,

432 1319 546 1399 σκαιός
568 1326 620 1400 τίς
643 1319 717 1388 ἒσσι
737 1323 793 1386 καὶ
816 1322 967 1408 φίλοισιν
990 1316 1160 1408 ἀγνώμων,

430 1421 468 1501 ὃς
490 1427 758 1511 προσκυνοῦντας
781 1413 876 1488 οὐδὲν
899 1416 1043 1511 ὠφέλεις
1064 1417 1160 1513 ἧμας,

431 1519 576 1612 ἀγαθοῖς
599 1524 635 1590 δὲ
657 1526 797 1602 νιολλοῑς
820 1519 1021 1611 ὑβρίσαντας
1042 1519 1189 1614 ἠμείψιο.

430 1625 489 1714 τὴν
512 1626 560 1704 εἰς
583 1627 621 1692 σὲ
642 1623 757 1714 καινὴν
781 1619 951 1710 εὐσέβειαν
974 1620 1032 1694 οὐκ
1054 1623 1146 1714 ᾔδειν
1159 1629 1191 1714 ¹).

227 1745 368 1812 Maxime
383 1752 491 1813 autem
505 1746 723 1813 memorabilis
738 1752 787 1813 est
801 1745 912 1813 fabula
927 1751 956 1830 2,
974 1747 1007 1813 in
1023 1766 1087 1829 qua
1101 1747 1243 1832 agricola
1257 1749 1383 1819 uicinos
1461 1833 1462 1836 Ἴ

227 1854 358 1932 propter
379 1848 497 1915 lurtum
519 1846 633 1915 adius
654 1846 823 1914 iurandum
844 1847 945 1932 adigit
969 1841 1106 1933 (ὅρκοι),
1129 1849 1187 1917 sed
1209 1858 1383 1936 postquam
1461 1893 1462 1902 ν

227 1970 419 2035 praeconem
437 1949 562 2017 audiuit
582 1948 760 2034 praemium
782 1949 814 2015 ei
834 1951 1042 2034 pollicentem
1061 1952 1115 2033 qui
1136 1953 1312 2038 sacrilegos
1335 1955 1382 2020 in-

228 2052 389 2119 dicaturus
412 2052 453 2119 sit

732 2131 825 2202 ελιιεν
844 2131 904 2215 ‘rig
925 2135 1033 2224 μάτην
1054 2128 1139 2224 ἥκω·

431 2237 576 2314 κλέπτας
596 2235 658 2322 γὰρ
683 2231 803 2315 ὀίλλοος
825 2241 899 2316 ιιιῦς
920 2233 938 2304 ὁ
962 2235 1046 2316 θεὸς
1069 2227 1108 2304 ίίν
1132 2237 1244 2326 εἰδείη,

430 2337 468 2416 ὃς
487 2337 565 2416 τοὺς
587 2336 706 2405 ἑαυτοῦ
728 2342 845 2427 φῶρας
867 2333 940 2423 οὐχὶ
962 2337 1124 2426 γινώσκει,

432 2440 522 2530 ζητεῖ
543 2441 579 2507 δὲ
601 2445 730 2525 μισθοῦ
751 2441 870 2530 μήτις
893 2439 982 2508 οἶδεν
1005 2435 1259 2530 ἇνθροίιιωνίλ)

227 2564 334 2644 Atque
350 2561 431 2627 sieut
446 2560 524 2627 deos
539 2561 686 2642 antiquos
702 2562 901 2648 contempsit,
916 2565 963 2630 ita
977 2565 1074 2631 etiam
1093 2563 1268 2648 imaginum
1284 2585 1381 2632 uene·
1461 2541 1462 2558 ¹

225 2663 397 2730 randarum
420 2683 540 2730 morem
563 2684 634 2730 oum
657 2663 783 2730 deridet
805 2663 985 2732 fabularum
1003 2669 1043 2730 30
1059 2671 1091 2732 et
1109 2668 1168 2729 119
1190 2675 1381 2749 argumento

226 2785 324 2851 supra
345 2765 500 2850 exposito,
523 2771 590 2832 tum
613 2765 774 2850 conceptis
795 2766 903 2833 uerbis
925 2766 1086 2851 uituperat
1106 2766 1170 2834 fab.
1187 2771 1237 2851 30,
1253 2772 1291 2834 4:

228 2900 432 2910 ...—..-.-—-

316 2973 340 3035 ῖ)
358 2967 434 3024 Hace
451 2964 657 3021 narratiuncula
675 2966 753 3034 quasi
769 2967 883 3034 perodio
901 2972 943 3022 est
959 2966 1069 3022 fabulae
1089 2971 1136 3022 169
1152 2995 1185 3014 ==
1199 2967 1233 3022 Η.
1251 2972 1313 3035 102,
1332 2970 1381 3024 ubi

227 3055 348 3124 agricola
364 3053 393 3108 in
412 3051 509 3106 arbore
525 3049 669 3105 infecunda
688 3065 768 3104 caesa
786 3052 839 3106 mol
855 3052 971 3107 inuenit:
991 3051 1069 3108 cuius
1088 3052 1168 3106 aliam
1188 3053 1302 3108 formam
1323 3054 1380 3109 Ba·
1461 3049 1462 3068 ¹

227 3141 340 3196 briauae
362 3139 455 3208 magis
472 3136 552 3192 etiam
574 3140 715 3204 cognatam
733 3166 766 3174 -
784 3135 831 3190 ubi
852 3137 996 3192 thesaurus
1014 3138 1091 3194 inest
1107 3138 1135 3191 in
1153 3138 1250 3193 arbore
1268 3168 1300 3178 -
1320 3153 1379 3194 ser·

227 3224 305 3281 uauit
327 3223 477 3279 Russorum
501 3220 631 3290 populus,
655 3220 690 3274 oi.
710 3219 877 3276 Afanassieff
895 3222 970 3283 labb.
985 3222 1019 3290 V,
1042 3227 1089 3290 52,
1117 3221 1282 3287 tiphernatis
1305 3224 1379 3279 zool.

228 3309 340 3380 mythol.
349 3309 362 3361 Ι
372 3324 399 3376 p.
412 3312 468 3362 17⁵1.
497 3306 621 3360 Ceterum
639 3307 667 3360 et
683 3305 744 3374 ipsa
755 3305 948 3375 imperatorum
965 3312 1055 3362 aetate
1066 3305 1170 3362 facturn
1182 3311 1224 3363 est
1235 3310 1266 3362 ut
1277 3308 1380 3377 uulgus

227 3411 288 3451 oum
312 3408 355 3448 res
377 3391 465 3447 miuus
487 3405 618 3460 prospere
641 3390 786 3446 cessissent
803 3392 946 3448 simulacra
964 3393 1075 3448 deorum
1092 3391 1238 3460 castigaret
1255 3389 1381 3448 abiceret

226 3479 400 3546 diffringeret,
419 3476 452 3532 oi.
469 3475 543 3532 Suet.
558 3476 641 3546 Calig.
658 3481 682 3543 5,
700 3475 799 3532 Friedl.
815 3476 942 3532 Darstell.
957 3477 997 3532 111
1010 3494 1038 3547 p.
1054 3480 1113 3534 503.
1148 3475 1276 3532 Idoneam
1292 3477 1382 3546 igitur

228 3580 337 3622 causam
360 3577 416 3617 uon
437 3553 525 3616 habeo
549 3577 599 3618 cur
617 3578 678 3617 cunr
695 3560 806 3617 Benfeio
824 3561 953 3618 Pantseh.
969 3562 983 3616 I
997 3580 1025 3632 p.
1041 3567 1091 3617 478
1108 3563 1137 3617 et
1153 3561 1261 3617 Kellero
1279 3579 1306 3632 p.
1327 3567 1380 3619 345

225 3651 351 3705 fabellam
369 3647 532 3703 Babrisnam
549 3661 582 3702 ex
599 3646 695 3701 Indica
712 3647 828 3716 quadam
845 3649 924 3717 longe
942 3647 1049 3703 diuersa
1067 3647 1205 3702 deducam.

313 3739 339 3801 2)
356 3733 432 3790 Haeo
457 3731 562 3802 quidem
587 3733 666 3787 etiam
690 3732 873 3788 Alexandrina
895 3737 985 3790 aetate
1009 3733 1126 3789 omnium
1150 3732 1178 3788 in
1200 3730 1380 3800 religionibus

226 3819 364 3876 liberrima
381 3850 414 3858 -
432 3818 558 3874 liberiore
575 3817 679 3873 scilicet
696 3817 788 3886 primis
805 3834 832 3886 p.
846 3818 908 3873 (λῖν.
921 3836 948 3873 n.
967 3817 1083 3874 saeculis
1100 3847 1134 3857 —
1152 3815 1235 3872 scribi
1252 3817 1381 3885 potuisse

227 3905 293 3972 scio,
311 3904 360 3960 sed
379 3919 439 3959 oum
458 3903 496 3958 eis
514 3918 582 3971 quae
600 3909 750 3971 sequnntur
768 3903 912 3958 coniuncta
925 3903 1084 3973 scriptorem
1102 3899 1315 3957 recentissimum
1335 3904 1380 3958 in·

227 3988 327 4044 deaut.
363 3987 445 4042 iuuat
468 3988 549 4042 stiam
573 4004 634 4043 cum
656 3987 710 4042 fabr
731 3991 745 4040 2
769 4002 932 4056 componere
955 3987 1053 4044 similia
1076 3987 1235 4056 emmena
1258 3987 1293 4042 ab
1313 3987 1381 4043 aliis

227 4073 307 4140 longe
323 4073 402 4127 aliter
420 4077 546 4137 tractata,
565 4073 599 4128 ci.
609 4073 644 4127 H.
655 4078 695 4126 ts.
707 4075 764 4126 3⁰1.
775 4075 826 4126 354
841 4070 887 4128 all.
