<?xml version="1.0" encoding="UTF-8"?>
<!DOCTYPE html PUBLIC "-//W3C//DTD XHTML 1.0 Transitional//EN"
    "http://www.w3.org/TR/xhtml1/DTD/xhtml1-transitional.dtd">
<html xmlns="http://www.w3.org/1999/xhtml" xml:lang="en" lang="en">
 <head>
  <title>
</title>
<meta http-equiv="Content-Type" content="text/html;charset=utf-8" />
  <meta name='ocr-system' content='tesseract 3.04.00' />
  <meta name='ocr-capabilities' content='ocr_page ocr_carea ocr_par ocr_line ocrx_word'/>
</head>
<body>
  <div class='ocr_page' id='page_1' title='image "./debabriiaetate00crusgoog_0116.png"; bbox 0 0 2934 4690; ppageno 0'>
   <div class='ocr_carea' id='block_1_1' title="bbox 510 309 1218 371">
    <p class='ocr_par' dir='ltr' id='par_1_1' title="bbox 510 309 1218 371">
     <span class='ocr_line' id='line_1_1' title="bbox 510 309 1218 371; baseline 0.001 -1"><span class='ocrx_word' id='word_1_1' title='bbox 510 317 543 370; x_wconf 91' lang='lat' dir='ltr'><strong>de</strong></span> <span class='ocrx_word' id='word_1_2' title='bbox 561 316 655 371; x_wconf 83' lang='lat' dir='ltr'><strong>Babrii</strong></span> <span class='ocrx_word' id='word_1_3' title='bbox 671 320 770 370; x_wconf 87' lang='lat' dir='ltr'><strong>aetate.</strong></span> <span class='ocrx_word' id='word_1_4' title='bbox 1157 309 1218 371; x_wconf 80' lang='lat'><strong>233</strong></span> 
     </span>
    </p>
   </div>
   <div class='ocr_carea' id='block_1_2' title="bbox 71 480 1219 1393">
    <p class='ocr_par' dir='ltr' id='par_1_2' title="bbox 71 480 1218 962">
     <span class='ocr_line' id='line_1_2' title="bbox 271 480 1027 577; baseline 0 -23"><span class='ocrx_word' id='word_1_5' title='bbox 271 485 288 554; x_wconf 83' lang='grc' dir='ltr'><em>ὃ</em></span> <span class='ocrx_word' id='word_1_6' title='bbox 314 487 349 552; x_wconf 76' lang='grc' dir='ltr'><strong>δὲ</strong></span> <span class='ocrx_word' id='word_1_7' title='bbox 368 480 595 577; x_wconf 75' lang='grc' dir='ltr'><strong>χειροτέχνρμ’</strong></span> <span class='ocrx_word' id='word_1_8' title='bbox 622 482 668 566; x_wconf 78' lang='grc' dir='ltr'><strong>ὦς</strong></span> <span class='ocrx_word' id='word_1_9' title='bbox 690 485 774 554; x_wconf 71' lang='grc' dir='ltr'><strong>θεὸν</strong></span> <span class='ocrx_word' id='word_1_10' title='bbox 796 485 1027 575; x_wconf 68' lang='grc' dir='ltr'><em>καθιόρὲσωντ</em></span> 
     </span>
     <span class='ocr_line' id='line_1_3' title="bbox 73 588 1218 675; baseline 0.002 -18"><span class='ocrx_word' id='word_1_11' title='bbox 73 591 186 674; x_wconf 89' lang='lat' dir='ltr'><strong>quibus</strong></span> <span class='ocrx_word' id='word_1_12' title='bbox 208 592 304 675; x_wconf 89' lang='lat' dir='ltr'><strong>plane</strong></span> <span class='ocrx_word' id='word_1_13' title='bbox 327 590 446 658; x_wconf 81' lang='lat' dir='ltr'><strong>similia</strong></span> <span class='ocrx_word' id='word_1_14' title='bbox 467 591 522 656; x_wconf 81' lang='lat' dir='ltr'><strong>uix</strong></span> <span class='ocrx_word' id='word_1_15' title='bbox 543 589 687 657; x_wconf 89' lang='lat' dir='ltr'><strong>inuenies</strong></span> <span class='ocrx_word' id='word_1_16' title='bbox 713 590 775 656; x_wconf 89' lang='lat' dir='ltr'><strong>nisi</strong></span> <span class='ocrx_word' id='word_1_17' title='bbox 803 588 889 674; x_wconf 89' lang='lat' dir='ltr'><strong>apud</strong></span> <span class='ocrx_word' id='word_1_18' title='bbox 918 589 1088 675; x_wconf 86' lang='lat' dir='ltr'><strong>scriptores</strong></span> <span class='ocrx_word' id='word_1_19' title='bbox 1117 592 1218 660; x_wconf 89' lang='lat' dir='ltr'><strong>eccle·</strong></span> 
     </span>
     <span class='ocr_line' id='line_1_4' title="bbox 71 686 1218 778; baseline 0.002 -20"><span class='ocrx_word' id='word_1_20' title='bbox 71 686 220 760; x_wconf 80' lang='lat' dir='ltr'><strong>siasticos‘</strong></span> <span class='ocrx_word' id='word_1_21' title='bbox 238 698 270 758; x_wconf 90' lang='lat' dir='ltr'><strong>et</strong></span> <span class='ocrx_word' id='word_1_22' title='bbox 294 691 467 758; x_wconf 83' lang='lat' dir='ltr'><strong>admodum</strong></span> <span class='ocrx_word' id='word_1_23' title='bbox 489 697 641 760; x_wconf 78' lang='lat' dir='ltr'><strong>recentes.</strong></span> <span class='ocrx_word' id='word_1_24' title='bbox 684 693 798 777; x_wconf 86' lang='lat' dir='ltr'><strong>Neque</strong></span> <span class='ocrx_word' id='word_1_25' title='bbox 821 691 991 778; x_wconf 83' lang='lat' dir='ltr'><strong>religiones</strong></span> <span class='ocrx_word' id='word_1_26' title='bbox 1014 690 1110 761; x_wconf 91' lang='lat' dir='ltr'><strong>modo</strong></span> <span class='ocrx_word' id='word_1_27' title='bbox 1138 693 1218 762; x_wconf 88' lang='lat' dir='ltr'><strong>anti-</strong></span> 
     </span>
     <span class='ocr_line' id='line_1_5' title="bbox 72 793 1218 880; baseline 0.001 -20"><span class='ocrx_word' id='word_1_28' title='bbox 72 813 149 878; x_wconf 90' lang='lat' dir='ltr'><strong>quas</strong></span> <span class='ocrx_word' id='word_1_29' title='bbox 170 795 306 880; x_wconf 87' lang='lat' dir='ltr'><strong>spreuit,</strong></span> <span class='ocrx_word' id='word_1_30' title='bbox 335 795 392 862; x_wconf 89' lang='lat' dir='ltr'><strong>sed</strong></span> <span class='ocrx_word' id='word_1_31' title='bbox 419 796 546 880; x_wconf 86' lang='lat' dir='ltr'><strong>mythos</strong></span> <span class='ocrx_word' id='word_1_32' title='bbox 576 793 672 860; x_wconf 87' lang='lat' dir='ltr'><strong>etiam</strong></span> <span class='ocrx_word' id='word_1_33' title='bbox 700 793 830 860; x_wconf 90' lang='lat' dir='ltr'><strong>inutiles</strong></span> <span class='ocrx_word' id='word_1_34' title='bbox 861 813 931 860; x_wconf 89' lang='lat' dir='ltr'><strong>esse</strong></span> <span class='ocrx_word' id='word_1_35' title='bbox 961 794 1126 879; x_wconf 86' lang='lat' dir='ltr'><strong>profitetur</strong></span> <span class='ocrx_word' id='word_1_36' title='bbox 1153 797 1218 864; x_wconf 86' lang='lat' dir='ltr'><strong>fab.</strong></span> 
     </span>
     <span class='ocr_line' id='line_1_6' title="bbox 73 901 232 962; baseline 0.013 -2"><span class='ocrx_word' id='word_1_37' title='bbox 73 903 105 962; x_wconf 87' lang='lat'><strong>15</strong></span> <span class='ocrx_word' id='word_1_38' title='bbox 133 901 184 962; x_wconf 73' lang='lat'><strong>38</strong></span> <span class='ocrx_word' id='word_1_39' title='bbox 209 921 232 962; x_wconf 91' lang='lat'><strong>.:</strong></span> 
     </span>
    </p>

    <p class='ocr_par' dir='ltr' id='par_1_3' title="bbox 109 915 982 1068">
     <span class='ocr_line' id='line_1_7' title="bbox 109 915 982 1068; baseline 0 -22"><span class='ocrx_word' id='word_1_40' title='bbox 109 947 116 981; x_wconf 54' lang='lat'><em>7</em></span> <span class='ocrx_word' id='word_1_41' title='bbox 186 915 207 979; x_wconf 78' lang='lat' dir='ltr'>q</span> <span class='ocrx_word' id='word_1_42' title='bbox 270 981 353 1068; x_wconf 81' lang='grc' dir='ltr'><em>ῥέων</em></span> <span class='ocrx_word' id='word_1_43' title='bbox 377 974 409 1047; x_wconf 81' lang='lat' dir='ltr'><strong>d&#39;</strong></span> <span class='ocrx_word' id='word_1_44' title='bbox 435 975 452 1045; x_wconf 82' lang='grc' dir='ltr'>ὁ</span> <span class='ocrx_word' id='word_1_45' title='bbox 476 983 587 1063; x_wconf 75' lang='grc' dir='ltr'><em>μῦθος</em></span> <span class='ocrx_word' id='word_1_46' title='bbox 609 965 695 1067; x_wconf 71' lang='grc' dir='ltr'><strong>ἦλθε</strong></span> <span class='ocrx_word' id='word_1_47' title='bbox 716 983 830 1065; x_wconf 81' lang='grc' dir='ltr'><strong><em>μέχρις</em></strong></span> <span class='ocrx_word' id='word_1_48' title='bbox 850 976 982 1068; x_wconf 79' lang='grc' dir='ltr'><em>ἡρώων·</em></span> 
     </span>
    </p>

    <p class='ocr_par' dir='ltr' id='par_1_4' title="bbox 72 1074 1219 1393">
     <span class='ocr_line' id='line_1_8' title="bbox 269 1074 989 1171; baseline 0 -23"><span class='ocrx_word' id='word_1_49' title='bbox 269 1081 376 1171; x_wconf 73' lang='grc' dir='ltr'><em>μακρὴ</em></span> <span class='ocrx_word' id='word_1_50' title='bbox 399 1083 459 1166; x_wconf 82' lang='grc' dir='ltr'><strong>μὲν</strong></span> <span class='ocrx_word' id='word_1_51' title='bbox 482 1077 591 1159; x_wconf 71' lang='grc' dir='ltr'><em>ἄλλως</em></span> <span class='ocrx_word' id='word_1_52' title='bbox 614 1082 708 1169; x_wconf 72' lang='grc' dir='ltr'><strong><em>ῥῆσις</em></strong></span> <span class='ocrx_word' id='word_1_53' title='bbox 731 1074 802 1146; x_wconf 77' lang='lat' dir='ltr'><strong>or’rd’</strong></span> <span class='ocrx_word' id='word_1_54' title='bbox 829 1074 1065 1170; x_wconf 79' lang='grc' dir='ltr'><em>ἀναγκαίη</em></span> 
     </span>
     <span class='ocr_line' id='line_1_9' title="bbox 72 1201 1219 1285; baseline 0.001 -17"><span class='ocrx_word' id='word_1_55' title='bbox 72 1201 152 1282; x_wconf 79' lang='lat' dir='ltr'><strong>Quid</strong></span> <span class='ocrx_word' id='word_1_56' title='bbox 173 1203 269 1285; x_wconf 77' lang='lat' dir='ltr'><strong>igitur</strong></span> <span class='ocrx_word' id='word_1_57' title='bbox 290 1203 404 1269; x_wconf 92' lang='lat' dir='ltr'><strong>mirum</strong></span> <span class='ocrx_word' id='word_1_58' title='bbox 427 1202 513 1284; x_wconf 91' lang='lat' dir='ltr'><strong>quod</strong></span> <span class='ocrx_word' id='word_1_59' title='bbox 536 1223 607 1269; x_wconf 92' lang='lat' dir='ltr'><strong>cum</strong></span> <span class='ocrx_word' id='word_1_60' title='bbox 622 1201 717 1267; x_wconf 78' lang='lat' dir='ltr'><strong>Terei</strong></span> <span class='ocrx_word' id='word_1_61' title='bbox 739 1206 807 1268; x_wconf 93' lang='lat' dir='ltr'><strong>tum</strong></span> <span class='ocrx_word' id='word_1_62' title='bbox 829 1201 996 1270; x_wconf 89' lang='lat' dir='ltr'><strong>Pandorae</strong></span> <span class='ocrx_word' id='word_1_63' title='bbox 1019 1202 1162 1272; x_wconf 86' lang='lat' dir='ltr'><strong>fabulam</strong></span> <span class='ocrx_word' id='word_1_64' title='bbox 1178 1241 1219 1250; x_wconf 97' lang='lat'>—</span> 
     </span>
     <span class='ocr_line' id='line_1_10' title="bbox 73 1303 1219 1393; baseline 0.001 -23"><span class='ocrx_word' id='word_1_65' title='bbox 73 1305 228 1388; x_wconf 87' lang='lat' dir='ltr'><strong>siquidem</strong></span> <span class='ocrx_word' id='word_1_66' title='bbox 254 1311 339 1371; x_wconf 90' lang='lat' dir='ltr'><strong>recte</strong></span> <span class='ocrx_word' id='word_1_67' title='bbox 369 1323 465 1391; x_wconf 87' lang='lat' dir='ltr'><strong>supra</strong></span> <span class='ocrx_word' id='word_1_68' title='bbox 492 1303 654 1390; x_wconf 89' lang='lat' dir='ltr'><strong>disputaui</strong></span> <span class='ocrx_word' id='word_1_69' title='bbox 677 1339 718 1350; x_wconf 90' lang='lat'><em>-</em></span> <span class='ocrx_word' id='word_1_70' title='bbox 739 1325 798 1390; x_wconf 89' lang='lat' dir='ltr'><strong>pro</strong></span> <span class='ocrx_word' id='word_1_71' title='bbox 826 1303 912 1370; x_wconf 89' lang='lat' dir='ltr'><strong>uirili</strong></span> <span class='ocrx_word' id='word_1_72' title='bbox 938 1311 1029 1390; x_wconf 86' lang='lat' dir='ltr'><strong>parte</strong></span> <span class='ocrx_word' id='word_1_73' title='bbox 1057 1307 1219 1393; x_wconf 81' lang='lat' dir='ltr'><strong>corrupit?</strong></span> 
     </span>
    </p>
   </div>
   <div class='ocr_carea' id='block_1_3' title="bbox 71 1405 1322 1491">
    <p class='ocr_par' dir='ltr' id='par_1_5' title="bbox 71 1405 1322 1491">
     <span class='ocr_line' id='line_1_11' title="bbox 71 1405 1322 1491; baseline -0.004 -19"><span class='ocrx_word' id='word_1_74' title='bbox 71 1406 151 1486; x_wconf 79' lang='lat' dir='ltr'><strong>Quid</strong></span> <span class='ocrx_word' id='word_1_75' title='bbox 165 1406 280 1472; x_wconf 91' lang='lat' dir='ltr'><strong>mirum</strong></span> <span class='ocrx_word' id='word_1_76' title='bbox 295 1406 382 1490; x_wconf 92' lang='lat' dir='ltr'><strong>quod</strong></span> <span class='ocrx_word' id='word_1_77' title='bbox 397 1405 458 1491; x_wconf 90' lang='lat' dir='ltr'><strong>dei,</strong></span> <span class='ocrx_word' id='word_1_78' title='bbox 482 1427 562 1490; x_wconf 94' lang='lat' dir='ltr'><strong>quos</strong></span> <span class='ocrx_word' id='word_1_79' title='bbox 575 1407 609 1472; x_wconf 91' lang='lat' dir='ltr'><strong>in</strong></span> <span class='ocrx_word' id='word_1_80' title='bbox 625 1409 712 1475; x_wconf 88' lang='lat' dir='ltr'><strong>fonte</strong></span> <span class='ocrx_word' id='word_1_81' title='bbox 726 1427 784 1475; x_wconf 91' lang='lat' dir='ltr'><strong>suo</strong></span> <span class='ocrx_word' id='word_1_82' title='bbox 805 1406 979 1490; x_wconf 89' lang='lat' dir='ltr'><strong>inuenerat,</strong></span> <span class='ocrx_word' id='word_1_83' title='bbox 1003 1406 1080 1489; x_wconf 92' lang='lat' dir='ltr'><strong>quid</strong></span> <span class='ocrx_word' id='word_1_84' title='bbox 1100 1407 1134 1472; x_wconf 90' lang='lat' dir='ltr'><strong>in</strong></span> <span class='ocrx_word' id='word_1_85' title='bbox 1156 1409 1218 1474; x_wconf 90' lang='lat' dir='ltr'><strong>sin·</strong></span> <span class='ocrx_word' id='word_1_86' title='bbox 1318 1461 1322 1467; x_wconf 88' lang='lat'><strong>.</strong></span> 
     </span>
    </p>
   </div>
   <div class='ocr_carea' id='block_1_4' title="bbox 71 1507 1219 1797">
    <p class='ocr_par' dir='ltr' id='par_1_6' title="bbox 71 1507 1219 1797">
     <span class='ocr_line' id='line_1_12' title="bbox 71 1507 1218 1595; baseline 0 -21"><span class='ocrx_word' id='word_1_87' title='bbox 71 1510 151 1593; x_wconf 83' lang='lat' dir='ltr'><strong>gulis</strong></span> <span class='ocrx_word' id='word_1_88' title='bbox 165 1509 361 1592; x_wconf 82' lang='lat' dir='ltr'><strong>argumentis</strong></span> <span class='ocrx_word' id='word_1_89' title='bbox 376 1507 442 1574; x_wconf 91' lang='lat' dir='ltr'><strong>sibi</strong></span> <span class='ocrx_word' id='word_1_90' title='bbox 453 1509 575 1576; x_wconf 90' lang='lat' dir='ltr'><strong>uellent</strong></span> <span class='ocrx_word' id='word_1_91' title='bbox 596 1529 659 1576; x_wconf 92' lang='lat' dir='ltr'><strong>non</strong></span> <span class='ocrx_word' id='word_1_92' title='bbox 683 1527 810 1595; x_wconf 87' lang='lat' dir='ltr'><strong>semper</strong></span> <span class='ocrx_word' id='word_1_93' title='bbox 830 1509 908 1574; x_wconf 89' lang='lat' dir='ltr'><strong>satis</strong></span> <span class='ocrx_word' id='word_1_94' title='bbox 930 1515 1017 1576; x_wconf 88' lang='lat' dir='ltr'><strong>recte</strong></span> <span class='ocrx_word' id='word_1_95' title='bbox 1037 1508 1218 1576; x_wconf 77' lang='lat' dir='ltr'><strong>intellexit?</strong></span> 
     </span>
     <span class='ocr_line' id='line_1_13' title="bbox 72 1610 1219 1695; baseline 0.003 -18"><span class='ocrx_word' id='word_1_96' title='bbox 72 1612 162 1678; x_wconf 91' lang='lat' dir='ltr'><strong>Velut</strong></span> <span class='ocrx_word' id='word_1_97' title='bbox 177 1613 209 1677; x_wconf 94' lang='lat' dir='ltr'><strong>in</strong></span> <span class='ocrx_word' id='word_1_98' title='bbox 225 1611 289 1677; x_wconf 90' lang='lat' dir='ltr'><strong>fab.</strong></span> <span class='ocrx_word' id='word_1_99' title='bbox 306 1615 346 1675; x_wconf 71' lang='lat'><strong>20</strong></span> <span class='ocrx_word' id='word_1_100' title='bbox 363 1611 497 1695; x_wconf 83' lang='lat' dir='ltr'><strong>legimus</strong></span> <span class='ocrx_word' id='word_1_101' title='bbox 514 1610 695 1695; x_wconf 86' lang='lat' dir='ltr'><strong>bubulcum,</strong></span> <span class='ocrx_word' id='word_1_102' title='bbox 718 1632 789 1678; x_wconf 88' lang='lat' dir='ltr'><strong>cum</strong></span> <span class='ocrx_word' id='word_1_103' title='bbox 803 1611 837 1676; x_wconf 89' lang='lat' dir='ltr'><strong>iu</strong></span> <span class='ocrx_word' id='word_1_104' title='bbox 852 1615 954 1677; x_wconf 86' lang='lat' dir='ltr'><strong>terrae</strong></span> <span class='ocrx_word' id='word_1_105' title='bbox 975 1610 1098 1677; x_wconf 88' lang='lat' dir='ltr'><strong>hiatum</strong></span> <span class='ocrx_word' id='word_1_106' title='bbox 1120 1611 1219 1680; x_wconf 83' lang='lat' dir='ltr'><strong>raeda</strong></span> 
     </span>
     <span class='ocr_line' id='line_1_14' title="bbox 73 1712 1099 1797; baseline 0.002 -19"><span class='ocrx_word' id='word_1_107' title='bbox 73 1713 249 1796; x_wconf 84' lang='lat' dir='ltr'><strong>decidisset,</strong></span> <span class='ocrx_word' id='word_1_108' title='bbox 272 1718 450 1781; x_wconf 89' lang='lat' dir='ltr'><strong>cessantem</strong></span> <span class='ocrx_word' id='word_1_109' title='bbox 471 1713 598 1780; x_wconf 88' lang='lat' dir='ltr'><strong>stetisse</strong></span> <span class='ocrx_word' id='word_1_110' title='bbox 620 1719 716 1796; x_wconf 91' lang='lat' dir='ltr'><strong>atque</strong></span> <span class='ocrx_word' id='word_1_111' title='bbox 740 1712 870 1778; x_wconf 86' lang='lat' dir='ltr'><strong>Herculi</strong></span> <span class='ocrx_word' id='word_1_112' title='bbox 891 1712 1099 1797; x_wconf 74' lang='lat' dir='ltr'><strong>supplicasse,</strong></span> 
     </span>
    </p>
   </div>
   <div class='ocr_carea' id='block_1_5' title="bbox 270 1829 956 2020">
    <p class='ocr_par' dir='ltr' id='par_1_7' title="bbox 270 1829 956 2020">
     <span class='ocr_line' id='line_1_15' title="bbox 576 1829 898 1915; baseline -0.006 -19"><span class='ocrx_word' id='word_1_113' title='bbox 576 1829 615 1897; x_wconf 83' lang='grc' dir='ltr'><strong>ὂν</strong></span> <span class='ocrx_word' id='word_1_114' title='bbox 637 1829 739 1915; x_wconf 85' lang='grc' dir='ltr'><em>μόνον</em></span> <span class='ocrx_word' id='word_1_115' title='bbox 762 1829 898 1896; x_wconf 81' lang='grc' dir='ltr'><em>πάντων</em></span> 
     </span>
     <span class='ocr_line' id='line_1_16' title="bbox 270 1923 956 2020; baseline 0.003 -24"><span class='ocrx_word' id='word_1_116' title='bbox 270 1933 361 1998; x_wconf 78' lang='grc' dir='ltr'><strong>θεῶν</strong></span> <span class='ocrx_word' id='word_1_117' title='bbox 385 1923 524 2020; x_wconf 73' lang='grc' dir='ltr'><em>ἀληθῶς</em></span> <span class='ocrx_word' id='word_1_118' title='bbox 546 1933 743 2020; x_wconf 76' lang='grc' dir='ltr'><em>προσεκύνει</em></span> <span class='ocrx_word' id='word_1_119' title='bbox 764 1957 800 1997; x_wconf 81' lang='grc' dir='ltr'><strong>τε</strong></span> <span class='ocrx_word' id='word_1_120' title='bbox 821 1925 956 2015; x_wconf 81' lang='grc' dir='ltr'><em>κᾶτίμα.</em></span> 
     </span>
    </p>
   </div>
   <div class='ocr_carea' id='block_1_6' title="bbox 7 2051 1219 3055">
    <p class='ocr_par' dir='ltr' id='par_1_8' title="bbox 7 2051 1219 3062">
     <span class='ocr_line' id='line_1_17' title="bbox 71 2051 1219 2138; baseline 0 -21"><span class='ocrx_word' id='word_1_121' title='bbox 71 2053 155 2119; x_wconf 89' lang='lat' dir='ltr'><strong>Haec</strong></span> <span class='ocrx_word' id='word_1_122' title='bbox 177 2051 243 2117; x_wconf 87' lang='lat' dir='ltr'><strong>iam</strong></span> <span class='ocrx_word' id='word_1_123' title='bbox 265 2051 398 2118; x_wconf 89' lang='lat' dir='ltr'><strong>Photius</strong></span> <span class='ocrx_word' id='word_1_124' title='bbox 428 2053 527 2118; x_wconf 91' lang='lat' dir='ltr'><strong>babet</strong></span> <span class='ocrx_word' id='word_1_125' title='bbox 548 2073 578 2137; x_wconf 91' lang='lat' dir='ltr'><strong>p.</strong></span> <span class='ocrx_word' id='word_1_126' title='bbox 603 2055 664 2117; x_wconf 79' lang='lat'><strong>860</strong></span> <span class='ocrx_word' id='word_1_127' title='bbox 687 2052 819 2138; x_wconf 88' lang='lat' dir='ltr'><strong>ipseque</strong></span> <span class='ocrx_word' id='word_1_128' title='bbox 840 2051 950 2118; x_wconf 87' lang='lat' dir='ltr'><strong>Naber</strong></span> <span class='ocrx_word' id='word_1_129' title='bbox 972 2072 1003 2136; x_wconf 88' lang='lat' dir='ltr'><strong>p.</strong></span> <span class='ocrx_word' id='word_1_130' title='bbox 1023 2055 1084 2117; x_wconf 79' lang='lat'><strong>423</strong></span> <span class='ocrx_word' id='word_1_131' title='bbox 1107 2051 1219 2119; x_wconf 90' lang='lat' dir='ltr'><strong>Babrii</strong></span> 
     </span>
     <span class='ocr_line' id='line_1_18' title="bbox 70 2153 1219 2241; baseline 0.001 -22"><span class='ocrx_word' id='word_1_132' title='bbox 70 2172 136 2219; x_wconf 89' lang='lat' dir='ltr'><strong>esse</strong></span> <span class='ocrx_word' id='word_1_133' title='bbox 162 2153 291 2219; x_wconf 86' lang='lat' dir='ltr'><strong>disertis</strong></span> <span class='ocrx_word' id='word_1_134' title='bbox 318 2153 426 2220; x_wconf 87' lang='lat' dir='ltr'><strong>uerbis</strong></span> <span class='ocrx_word' id='word_1_135' title='bbox 454 2153 619 2241; x_wconf 87' lang='lat' dir='ltr'><strong>profitetur</strong></span> <span class='ocrx_word' id='word_1_136' title='bbox 630 2155 670 2238; x_wconf 88' lang='lat'><strong>¹),</strong></span> <span class='ocrx_word' id='word_1_137' title='bbox 700 2154 763 2222; x_wconf 93' lang='lat' dir='ltr'><strong>nisi</strong></span> <span class='ocrx_word' id='word_1_138' title='bbox 792 2154 877 2237; x_wconf 93' lang='lat' dir='ltr'><strong>quod</strong></span> <span class='ocrx_word' id='word_1_139' title='bbox 906 2155 1029 2236; x_wconf 84' lang='grc' dir='ltr'><em>μοῦνον</em></span> <span class='ocrx_word' id='word_1_140' title='bbox 1058 2153 1219 2220; x_wconf 89' lang='lat' dir='ltr'><strong>coniciens</strong></span> 
     </span>
     <span class='ocr_line' id='line_1_19' title="bbox 70 2254 1218 2340; baseline 0.001 -18"><span class='ocrx_word' id='word_1_141' title='bbox 70 2255 218 2322; x_wconf 91' lang='lat' dir='ltr'><strong>dilectum</strong></span> <span class='ocrx_word' id='word_1_142' title='bbox 248 2275 339 2321; x_wconf 93' lang='lat' dir='ltr'><strong>suum</strong></span> <span class='ocrx_word' id='word_1_143' title='bbox 370 2254 546 2340; x_wconf 88' lang='lat' dir='ltr'><strong>spondeum</strong></span> <span class='ocrx_word' id='word_1_144' title='bbox 576 2258 609 2323; x_wconf 94' lang='lat' dir='ltr'><strong>in</strong></span> <span class='ocrx_word' id='word_1_145' title='bbox 639 2255 782 2340; x_wconf 90' lang='lat' dir='ltr'><strong>quintum</strong></span> <span class='ocrx_word' id='word_1_146' title='bbox 812 2255 928 2340; x_wconf 92' lang='lat' dir='ltr'><strong>pedem</strong></span> <span class='ocrx_word' id='word_1_147' title='bbox 958 2254 1088 2323; x_wconf 79' lang='lat' dir='ltr'><strong>inducit.</strong></span> <span class='ocrx_word' id='word_1_148' title='bbox 1140 2256 1218 2335; x_wconf 80' lang='lat' dir='ltr'><strong>Quis</strong></span> 
     </span>
     <span class='ocr_line' id='line_1_20' title="bbox 69 2355 1219 2442; baseline 0.003 -21"><span class='ocrx_word' id='word_1_149' title='bbox 69 2361 174 2424; x_wconf 90' lang='lat' dir='ltr'><strong>autem</strong></span> <span class='ocrx_word' id='word_1_150' title='bbox 197 2376 316 2441; x_wconf 91' lang='lat' dir='ltr'><strong>quaeso</strong></span> <span class='ocrx_word' id='word_1_151' title='bbox 339 2355 480 2423; x_wconf 84' lang='lat' dir='ltr'><strong>Graecus</strong></span> <span class='ocrx_word' id='word_1_152' title='bbox 502 2379 644 2442; x_wconf 89' lang='lat' dir='ltr'><strong>unquam</strong></span> <span class='ocrx_word' id='word_1_153' title='bbox 672 2359 725 2424; x_wconf 90' lang='lat' dir='ltr'><strong>uel</strong></span> <span class='ocrx_word' id='word_1_154' title='bbox 747 2359 908 2425; x_wconf 88' lang='lat' dir='ltr'><strong>Romanus</strong></span> <span class='ocrx_word' id='word_1_155' title='bbox 937 2358 1085 2441; x_wconf 89' lang='lat' dir='ltr'><strong>antiquus</strong></span> <span class='ocrx_word' id='word_1_156' title='bbox 1115 2360 1219 2428; x_wconf 92' lang='lat' dir='ltr'><strong>solum</strong></span> 
     </span>
     <span class='ocr_line' id='line_1_21' title="bbox 68 2458 1219 2545; baseline 0.002 -21"><span class='ocrx_word' id='word_1_157' title='bbox 68 2459 237 2526; x_wconf 88' lang='lat' dir='ltr'><strong>Herculem</strong></span> <span class='ocrx_word' id='word_1_158' title='bbox 253 2479 310 2544; x_wconf 92' lang='lat' dir='ltr'><strong>pro</strong></span> <span class='ocrx_word' id='word_1_159' title='bbox 326 2459 386 2526; x_wconf 89' lang='lat' dir='ltr'><strong>deo</strong></span> <span class='ocrx_word' id='word_1_160' title='bbox 403 2459 521 2526; x_wconf 76' lang='lat' dir='ltr'><strong>coluit?</strong></span> <span class='ocrx_word' id='word_1_161' title='bbox 555 2459 645 2527; x_wconf 91' lang='lat' dir='ltr'><strong>Haec</strong></span> <span class='ocrx_word' id='word_1_162' title='bbox 667 2480 688 2525; x_wconf 89' lang='lat' dir='ltr'><strong>a</strong></span> <span class='ocrx_word' id='word_1_163' title='bbox 709 2464 806 2545; x_wconf 86' lang='lat' dir='ltr'><strong>poeta</strong></span> <span class='ocrx_word' id='word_1_164' title='bbox 819 2458 893 2526; x_wconf 88' lang='lat' dir='ltr'><strong>ficta</strong></span> <span class='ocrx_word' id='word_1_165' title='bbox 911 2479 981 2526; x_wconf 90' lang='lat' dir='ltr'><strong>esse</strong></span> <span class='ocrx_word' id='word_1_166' title='bbox 996 2467 1140 2545; x_wconf 86' lang='lat' dir='ltr'><strong>apparet,</strong></span> <span class='ocrx_word' id='word_1_167' title='bbox 1164 2461 1219 2545; x_wconf 90' lang='lat' dir='ltr'><strong>qui</strong></span> 
     </span>
     <span class='ocr_line' id='line_1_22' title="bbox 69 2559 1218 2645; baseline 0.003 -17"><span class='ocrx_word' id='word_1_168' title='bbox 69 2581 177 2628; x_wconf 89' lang='lat' dir='ltr'><strong>ueram</strong></span> <span class='ocrx_word' id='word_1_169' title='bbox 200 2580 330 2628; x_wconf 88' lang='lat' dir='ltr'><strong>causam</strong></span> <span class='ocrx_word' id='word_1_170' title='bbox 353 2582 407 2628; x_wconf 90' lang='lat' dir='ltr'><strong>cur</strong></span> <span class='ocrx_word' id='word_1_171' title='bbox 431 2561 601 2628; x_wconf 89' lang='lat' dir='ltr'><strong>Herculem</strong></span> <span class='ocrx_word' id='word_1_172' title='bbox 624 2561 822 2645; x_wconf 91' lang='lat' dir='ltr'><strong>potissimum</strong></span> <span class='ocrx_word' id='word_1_173' title='bbox 845 2559 981 2628; x_wconf 89' lang='lat' dir='ltr'><strong>rusticus</strong></span> <span class='ocrx_word' id='word_1_174' title='bbox 1004 2567 1134 2629; x_wconf 87' lang='lat' dir='ltr'><strong>uocaret</strong></span> <span class='ocrx_word' id='word_1_175' title='bbox 1154 2584 1218 2631; x_wconf 89' lang='lat' dir='ltr'><strong>nou</strong></span> 
     </span>
     <span class='ocr_line' id='line_1_23' title="bbox 7 2661 1218 2749; baseline -0.002 -17"><span class='ocrx_word' id='word_1_176' title='bbox 7 2703 8 2732; x_wconf 75' lang='lat' dir='ltr'><strong>i</strong></span> <span class='ocrx_word' id='word_1_177' title='bbox 67 2664 281 2730; x_wconf 88' lang='lat' dir='ltr'><strong>intellexisset</strong></span> <span class='ocrx_word' id='word_1_178' title='bbox 290 2663 326 2746; x_wconf 70' lang='grc'><strong>2).</strong></span> <span class='ocrx_word' id='word_1_179' title='bbox 359 2664 450 2743; x_wconf 83' lang='lat' dir='ltr'><strong>Quae</strong></span> <span class='ocrx_word' id='word_1_180' title='bbox 471 2663 505 2728; x_wconf 90' lang='lat' dir='ltr'><strong>in</strong></span> <span class='ocrx_word' id='word_1_181' title='bbox 528 2682 565 2729; x_wconf 90' lang='lat' dir='ltr'><strong>eo</strong></span> <span class='ocrx_word' id='word_1_182' title='bbox 589 2671 638 2729; x_wconf 89' lang='lat' dir='ltr'><strong>est</strong></span> <span class='ocrx_word' id='word_1_183' title='bbox 659 2662 773 2749; x_wconf 89' lang='lat' dir='ltr'><strong>posita,</strong></span> <span class='ocrx_word' id='word_1_184' title='bbox 797 2662 883 2745; x_wconf 92' lang='lat' dir='ltr'><strong>quod</strong></span> <span class='ocrx_word' id='word_1_185' title='bbox 898 2661 1052 2730; x_wconf 86' lang='lat' dir='ltr'><strong>Hercules</strong></span> <span class='ocrx_word' id='word_1_186' title='bbox 1067 2682 1147 2731; x_wconf 90' lang='lat' dir='ltr'><strong>uuus</strong></span> <span class='ocrx_word' id='word_1_187' title='bbox 1169 2670 1218 2733; x_wconf 89' lang='lat' dir='ltr'><strong>est</strong></span> 
     </span>
     <span class='ocr_line' id='line_1_24' title="bbox 7 2756 1216 2856; baseline 0.001 -23"><span class='ocrx_word' id='word_1_188' title='bbox 7 2777 8 2856; x_wconf 63' lang='lat' dir='ltr'><strong>t</strong></span> <span class='ocrx_word' id='word_1_189' title='bbox 66 2786 106 2833; x_wconf 85' lang='lat' dir='ltr'><strong>ex</strong></span> <span class='ocrx_word' id='word_1_190' title='bbox 135 2765 204 2832; x_wconf 89' lang='lat' dir='ltr'><strong>deis</strong></span> <span class='ocrx_word' id='word_1_191' title='bbox 235 2767 382 2852; x_wconf 80' lang='grc' dir='ltr'><em>σωτῆρσι</em></span> <span class='ocrx_word' id='word_1_192' title='bbox 410 2763 518 2848; x_wconf 81' lang='lat' dir='ltr'><strong>(Babr.</strong></span> <span class='ocrx_word' id='word_1_193' title='bbox 548 2766 612 2831; x_wconf 85' lang='lat' dir='ltr'><strong>fab.</strong></span> <span class='ocrx_word' id='word_1_194' title='bbox 642 2768 698 2846; x_wconf 85' lang='lat'><strong>50,</strong></span> <span class='ocrx_word' id='word_1_195' title='bbox 721 2763 755 2849; x_wconf 87' lang='grc'><strong>3)</strong></span> <span class='ocrx_word' id='word_1_196' title='bbox 788 2765 840 2831; x_wconf 93' lang='lat' dir='ltr'><strong>uel</strong></span> <span class='ocrx_word' id='word_1_197' title='bbox 870 2756 1076 2842; x_wconf 78' lang='grc' dir='ltr'><strong><em>ἀλεξικάκοις</em></strong></span> <span class='ocrx_word' id='word_1_198' title='bbox 1105 2766 1216 2850; x_wconf 86' lang='lat' dir='ltr'><strong>(Arist.</strong></span> 
     </span>
     <span class='ocr_line' id='line_1_25' title="bbox 7 2859 1216 2952; baseline 0.002 -20"><span class='ocrx_word' id='word_1_199' title='bbox 7 2859 8 2912; x_wconf 78' lang='lat' dir='ltr'><strong>l</strong></span> <span class='ocrx_word' id='word_1_200' title='bbox 65 2888 132 2933; x_wconf 92' lang='lat' dir='ltr'><strong>ran.</strong></span> <span class='ocrx_word' id='word_1_201' title='bbox 156 2869 234 2952; x_wconf 80' lang='lat'><strong>299;</strong></span> <span class='ocrx_word' id='word_1_202' title='bbox 264 2869 368 2934; x_wconf 91' lang='lat' dir='ltr'><strong>Plaut.</strong></span> <span class='ocrx_word' id='word_1_203' title='bbox 383 2867 475 2934; x_wconf 87' lang='lat' dir='ltr'><strong>Most.</strong></span> <span class='ocrx_word' id='word_1_204' title='bbox 493 2870 553 2931; x_wconf 83' lang='lat'><strong>513</strong></span> <span class='ocrx_word' id='word_1_205' title='bbox 577 2866 666 2950; x_wconf 88' lang='lat' dir='ltr'><strong>Lor.;</strong></span> <span class='ocrx_word' id='word_1_206' title='bbox 690 2866 842 2934; x_wconf 87' lang='lat' dir='ltr'><strong>Welcker</strong></span> <span class='ocrx_word' id='word_1_207' title='bbox 864 2865 997 2934; x_wconf 81' lang='lat' dir='ltr'><strong>Gdtterl.</strong></span> <span class='ocrx_word' id='word_1_208' title='bbox 1018 2868 1059 2951; x_wconf 86' lang='lat'><strong>11,</strong></span> <span class='ocrx_word' id='word_1_209' title='bbox 1076 2870 1134 2933; x_wconf 79' lang='lat'><strong>791</strong></span> <span class='ocrx_word' id='word_1_210' title='bbox 1153 2888 1216 2952; x_wconf 82' lang='lat' dir='ltr'><strong>sq.;</strong></span> 
     </span>
     <span class='ocr_line' id='line_1_26' title="bbox 65 2967 1218 3055; baseline 0.002 -20.856"><span class='ocrx_word' id='word_1_211' title='bbox 65 2969 190 3036; x_wconf 91' lang='lat' dir='ltr'><strong>Preller</strong></span> <span class='ocrx_word' id='word_1_212' title='bbox 204 2991 250 3055; x_wconf 84' lang='lat' dir='ltr'><strong>gr.</strong></span> <span class='ocrx_word' id='word_1_213' title='bbox 266 2968 399 3053; x_wconf 87' lang='lat' dir='ltr'><strong>Mytbol.</strong></span> <span class='ocrx_word' id='word_1_214' title='bbox 414 2971 455 3053; x_wconf 86' lang='grc' dir='ltr'><strong>Π,</strong></span> <span class='ocrx_word' id='word_1_215' title='bbox 474 2971 534 3033; x_wconf 87' lang='grc'><strong>184</strong></span> <span class='ocrx_word' id='word_1_216' title='bbox 549 2967 612 3052; x_wconf 89' lang='lat' dir='ltr'><strong>sq.)</strong></span> <span class='ocrx_word' id='word_1_217' title='bbox 635 2974 732 3051; x_wconf 87' lang='lat' dir='ltr'><strong>atque</strong></span> <span class='ocrx_word' id='word_1_218' title='bbox 753 2969 787 3034; x_wconf 90' lang='lat' dir='ltr'><strong>iu</strong></span> <span class='ocrx_word' id='word_1_219' title='bbox 808 2968 868 3035; x_wconf 92' lang='lat' dir='ltr'><strong>tali</strong></span> <span class='ocrx_word' id='word_1_220' title='bbox 890 2967 1078 3036; x_wconf 88' lang='lat' dir='ltr'><strong>difficultate</strong></span> <span class='ocrx_word' id='word_1_221' title='bbox 1098 2970 1132 3036; x_wconf 90' lang='lat' dir='ltr'><strong>iu</strong></span> <span class='ocrx_word' id='word_1_222' title='bbox 1154 2991 1218 3054; x_wconf 92' lang='lat' dir='ltr'><strong>qua</strong></span> 
     </span>
    </p>
   </div>
   <div class='ocr_carea' id='block_1_7' title="bbox 7 3063 1217 3360">
    <p class='ocr_par' dir='ltr' id='par_1_9' title="bbox 7 3063 1217 3360">
     <span class='ocr_line' id='line_1_27' title="bbox 7 3063 1217 3164; baseline 0.002 -28"><span class='ocrx_word' id='word_1_223' title='bbox 7 3063 8 3094; x_wconf 69' lang='lat'>³</span> <span class='ocrx_word' id='word_1_224' title='bbox 65 3072 176 3139; x_wconf 89' lang='lat' dir='ltr'><strong>Iouem</strong></span> <span class='ocrx_word' id='word_1_225' title='bbox 194 3071 246 3164; x_wconf 85' lang='lat' dir='ltr'><strong>uel</strong></span> <span class='ocrx_word' id='word_1_226' title='bbox 261 3071 443 3156; x_wconf 85' lang='lat' dir='ltr'><strong>Apollinem</strong></span> <span class='ocrx_word' id='word_1_227' title='bbox 465 3071 583 3137; x_wconf 87' lang='lat' dir='ltr'><strong>morari</strong></span> <span class='ocrx_word' id='word_1_228' title='bbox 605 3069 772 3138; x_wconf 89' lang='lat' dir='ltr'><strong>ridiculum</strong></span> <span class='ocrx_word' id='word_1_229' title='bbox 795 3075 874 3152; x_wconf 86' lang='lat' dir='ltr'><strong>erat,</strong></span> <span class='ocrx_word' id='word_1_230' title='bbox 897 3071 985 3138; x_wconf 92' lang='lat' dir='ltr'><strong>solus</strong></span> <span class='ocrx_word' id='word_1_231' title='bbox 1007 3074 1075 3138; x_wconf 86' lang='lat' dir='ltr'><strong>fere</strong></span> <span class='ocrx_word' id='word_1_232' title='bbox 1097 3070 1217 3138; x_wconf 82' lang='lat' dir='ltr'><strong>auxilio</strong></span> 
     </span>
     <span class='ocr_line' id='line_1_28' title="bbox 64 3169 1217 3258; baseline 0.001 -21"><span class='ocrx_word' id='word_1_233' title='bbox 64 3173 175 3238; x_wconf 88' lang='lat' dir='ltr'><strong>uocari</strong></span> <span class='ocrx_word' id='word_1_234' title='bbox 191 3178 318 3258; x_wconf 88' lang='lat' dir='ltr'><strong>poterat</strong></span> <span class='ocrx_word' id='word_1_235' title='bbox 339 3178 450 3257; x_wconf 90' lang='lat' dir='ltr'><strong>utpote</strong></span> <span class='ocrx_word' id='word_1_236' title='bbox 472 3170 551 3238; x_wconf 89' lang='lat' dir='ltr'><strong>deus</strong></span> <span class='ocrx_word' id='word_1_237' title='bbox 573 3172 708 3237; x_wconf 89' lang='lat' dir='ltr'><strong>rusticus</strong></span> <span class='ocrx_word' id='word_1_238' title='bbox 731 3171 983 3254; x_wconf 88' lang='lat' dir='ltr'><strong>rusticorumque</strong></span> <span class='ocrx_word' id='word_1_239' title='bbox 1005 3169 1058 3254; x_wconf 84' lang='lat' dir='ltr'><strong>(ci.</strong></span> <span class='ocrx_word' id='word_1_240' title='bbox 1074 3173 1217 3256; x_wconf 87' lang='lat' dir='ltr'><strong>Mueller,</strong></span> 
     </span>
     <span class='ocr_line' id='line_1_29' title="bbox 63 3267 1217 3360; baseline 0.003 -20"><span class='ocrx_word' id='word_1_241' title='bbox 63 3267 194 3342; x_wconf 78' lang='lat' dir='ltr'><strong>Handb.</strong></span> <span class='ocrx_word' id='word_1_242' title='bbox 210 3277 231 3357; x_wconf 68' lang='grc' dir='ltr'><strong>ς</strong></span> <span class='ocrx_word' id='word_1_243' title='bbox 246 3279 318 3358; x_wconf 87' lang='grc'><strong>411,</strong></span> <span class='ocrx_word' id='word_1_244' title='bbox 335 3281 369 3354; x_wconf 78' lang='lat'><strong>53</strong></span> <span class='ocrx_word' id='word_1_245' title='bbox 393 3272 430 3341; x_wconf 93' lang='grc' dir='ltr'><strong>Ο.</strong></span> <span class='ocrx_word' id='word_1_246' title='bbox 446 3273 542 3356; x_wconf 87' lang='lat' dir='ltr'><strong>Jahn,</strong></span> <span class='ocrx_word' id='word_1_247' title='bbox 564 3273 649 3340; x_wconf 90' lang='lat' dir='ltr'><strong>arch.</strong></span> <span class='ocrx_word' id='word_1_248' title='bbox 665 3273 763 3341; x_wconf 88' lang='lat' dir='ltr'><strong>Beitr.</strong></span> <span class='ocrx_word' id='word_1_249' title='bbox 783 3294 815 3360; x_wconf 93' lang='lat' dir='ltr'><strong>p.</strong></span> <span class='ocrx_word' id='word_1_250' title='bbox 832 3277 886 3358; x_wconf 77' lang='lat'><strong>623</strong></span> <span class='ocrx_word' id='word_1_251' title='bbox 910 3272 1089 3358; x_wconf 77' lang='lat' dir='ltr'><strong>Froehner,</strong></span> <span class='ocrx_word' id='word_1_252' title='bbox 1110 3275 1217 3343; x_wconf 90' lang='lat' dir='ltr'><strong>notice</strong></span> 
     </span>
    </p>
   </div>
   <div class='ocr_carea' id='block_1_8' title="bbox 61 3473 1300 4139">
    <p class='ocr_par' dir='ltr' id='par_1_10' title="bbox 63 3473 1217 3634">
     <span class='ocr_line' id='line_1_30' title="bbox 153 3473 1216 3546; baseline 0 -16"><span class='ocrx_word' id='word_1_253' title='bbox 153 3481 177 3541; x_wconf 86' lang='lat'><strong>1)</strong></span> <span class='ocrx_word' id='word_1_254' title='bbox 194 3475 327 3530; x_wconf 86' lang='lat' dir='ltr'><strong>Nimirum</strong></span> <span class='ocrx_word' id='word_1_255' title='bbox 340 3478 371 3530; x_wconf 92' lang='lat' dir='ltr'><strong>ut</strong></span> <span class='ocrx_word' id='word_1_256' title='bbox 382 3473 512 3530; x_wconf 84' lang='lat' dir='ltr'><strong>Bsbrium</strong></span> <span class='ocrx_word' id='word_1_257' title='bbox 525 3477 643 3529; x_wconf 87' lang='lat' dir='ltr'><strong>ueterem</strong></span> <span class='ocrx_word' id='word_1_258' title='bbox 654 3476 764 3542; x_wconf 88' lang='lat' dir='ltr'><strong>poetam</strong></span> <span class='ocrx_word' id='word_1_259' title='bbox 776 3489 835 3530; x_wconf 90' lang='lat' dir='ltr'><strong>esse</strong></span> <span class='ocrx_word' id='word_1_260' title='bbox 848 3474 1047 3532; x_wconf 90' lang='lat' dir='ltr'><strong>demonstraret</strong></span> <span class='ocrx_word' id='word_1_261' title='bbox 1059 3490 1092 3530; x_wconf 87' lang='lat' dir='ltr'><strong>ex</strong></span> <span class='ocrx_word' id='word_1_262' title='bbox 1105 3476 1216 3546; x_wconf 88' lang='lat' dir='ltr'><strong>antiquo</strong></span> 
     </span>
     <span class='ocr_line' id='line_1_31' title="bbox 63 3559 1217 3634; baseline 0 -20"><span class='ocrx_word' id='word_1_263' title='bbox 63 3560 141 3616; x_wconf 86' lang='lat' dir='ltr'><strong>fonte</strong></span> <span class='ocrx_word' id='word_1_264' title='bbox 157 3560 285 3615; x_wconf 88' lang='lat' dir='ltr'><strong>Photium</strong></span> <span class='ocrx_word' id='word_1_265' title='bbox 308 3560 432 3615; x_wconf 79' lang='lat' dir='ltr'><strong>hausisse</strong></span> <span class='ocrx_word' id='word_1_266' title='bbox 455 3559 572 3614; x_wconf 89' lang='lat' dir='ltr'><strong>debebat</strong></span> <span class='ocrx_word' id='word_1_267' title='bbox 596 3559 772 3627; x_wconf 87' lang='lat' dir='ltr'><strong>contendere,</strong></span> <span class='ocrx_word' id='word_1_268' title='bbox 796 3560 911 3634; x_wconf 16' lang='lat' dir='ltr'><strong>scdvsuo</strong></span> <span class='ocrx_word' id='word_1_269' title='bbox 930 3575 960 3617; x_wconf 88' lang='lat' dir='ltr'><strong>se</strong></span> <span class='ocrx_word' id='word_1_270' title='bbox 976 3561 1074 3631; x_wconf 87' lang='lat' dir='ltr'><strong>laqueo</strong></span> <span class='ocrx_word' id='word_1_271' title='bbox 1092 3561 1217 3616; x_wconf 86' lang='lat' dir='ltr'><strong>irretiuit.</strong></span> 
     </span>
    </p>

    <p class='ocr_par' dir='ltr' id='par_1_11' title="bbox 61 3643 1300 4139">
     <span class='ocr_line' id='line_1_32' title="bbox 152 3643 1217 3715; baseline 0.002 -17"><span class='ocrx_word' id='word_1_272' title='bbox 152 3649 178 3711; x_wconf 77' lang='grc'><strong>1)</strong></span> <span class='ocrx_word' id='word_1_273' title='bbox 194 3645 307 3702; x_wconf 86' lang='lat' dir='ltr'><strong>Poetam</strong></span> <span class='ocrx_word' id='word_1_274' title='bbox 324 3644 469 3699; x_wconf 85' lang='lat' dir='ltr'><strong>Herculem</strong></span> <span class='ocrx_word' id='word_1_275' title='bbox 493 3659 509 3698; x_wconf 89' lang='grc' dir='ltr'><strong><em>ε</em></strong></span> <span class='ocrx_word' id='word_1_276' title='bbox 531 3643 607 3700; x_wconf 88' lang='lat' dir='ltr'><strong>lente</strong></span> <span class='ocrx_word' id='word_1_277' title='bbox 631 3660 681 3700; x_wconf 93' lang='lat' dir='ltr'><strong>suo</strong></span> <span class='ocrx_word' id='word_1_278' title='bbox 704 3644 904 3714; x_wconf 86' lang='lat' dir='ltr'><strong>deprompsisse</strong></span> <span class='ocrx_word' id='word_1_279' title='bbox 927 3660 988 3700; x_wconf 89' lang='lat' dir='ltr'><strong>cum</strong></span> <span class='ocrx_word' id='word_1_280' title='bbox 1012 3661 1063 3715; x_wconf 90' lang='lat' dir='ltr'><strong>pro</strong></span> <span class='ocrx_word' id='word_1_281' title='bbox 1087 3645 1217 3700; x_wconf 85' lang='lat' dir='ltr'><strong>uniuersa</strong></span> 
     </span>
     <span class='ocr_line' id='line_1_33' title="bbox 62 3729 1214 3800; baseline 0.001 -16"><span class='ocrx_word' id='word_1_282' title='bbox 62 3730 124 3785; x_wconf 86' lang='lat' dir='ltr'><strong>eius</strong></span> <span class='ocrx_word' id='word_1_283' title='bbox 149 3735 207 3785; x_wconf 88' lang='lat' dir='ltr'><strong>arte</strong></span> <span class='ocrx_word' id='word_1_284' title='bbox 228 3730 370 3800; x_wconf 87' lang='lat' dir='ltr'><strong>probabile</strong></span> <span class='ocrx_word' id='word_1_285' title='bbox 393 3733 446 3798; x_wconf 87' lang='lat' dir='ltr'><strong>est,</strong></span> <span class='ocrx_word' id='word_1_286' title='bbox 472 3733 530 3785; x_wconf 90' lang='lat' dir='ltr'><strong>tum</strong></span> <span class='ocrx_word' id='word_1_287' title='bbox 549 3729 724 3785; x_wconf 86' lang='lat' dir='ltr'><strong>confirmatur</strong></span> <span class='ocrx_word' id='word_1_288' title='bbox 741 3730 853 3786; x_wconf 82' lang='lat' dir='ltr'><strong>zenobii</strong></span> <span class='ocrx_word' id='word_1_289' title='bbox 870 3730 961 3786; x_wconf 88' lang='lat' dir='ltr'><strong>uerbis</strong></span> <span class='ocrx_word' id='word_1_290' title='bbox 979 3731 1012 3793; x_wconf 87' lang='lat' dir='ltr'><strong>V,</strong></span> <span class='ocrx_word' id='word_1_291' title='bbox 1030 3734 1063 3784; x_wconf 81' lang='grc'><strong>93</strong></span> <span class='ocrx_word' id='word_1_292' title='bbox 1081 3729 1214 3785; x_wconf 86' lang='lat' dir='ltr'><strong>e&#39;Babrio</strong></span> 
     </span>
     <span class='ocr_line' id='line_1_34' title="bbox 62 3802 1300 3888; baseline -0.002 -19"><span class='ocrx_word' id='word_1_293' title='bbox 62 3831 119 3870; x_wconf 86' lang='lat' dir='ltr'><strong>non</strong></span> <span class='ocrx_word' id='word_1_294' title='bbox 138 3816 243 3870; x_wconf 77' lang='lat' dir='ltr'><strong>haustis</strong></span> <span class='ocrx_word' id='word_1_295' title='bbox 261 3815 307 3880; x_wconf 81' lang='lat' dir='ltr'><strong>(cf.</strong></span> <span class='ocrx_word' id='word_1_296' title='bbox 318 3832 344 3884; x_wconf 89' lang='lat' dir='ltr'><strong>p.</strong></span> <span class='ocrx_word' id='word_1_297' title='bbox 356 3819 405 3869; x_wconf 77' lang='lat'><strong>2³7</strong></span> <span class='ocrx_word' id='word_1_298' title='bbox 421 3815 483 3869; x_wconf 80' lang='lat' dir='ltr'><strong>adn.</strong></span> <span class='ocrx_word' id='word_1_299' title='bbox 493 3819 531 3880; x_wconf 73' lang='lat' dir='ltr'><strong>dl:</strong></span> <span class='ocrx_word' id='word_1_300' title='bbox 551 3815 654 3888; x_wconf 79' lang='grc' dir='ltr'><strong>εἴρηται</strong></span> <span class='ocrx_word' id='word_1_301' title='bbox 671 3812 703 3868; x_wconf 75' lang='grc' dir='ltr'><strong>δὲ</strong></span> <span class='ocrx_word' id='word_1_302' title='bbox 718 3813 774 3870; x_wconf 80' lang='grc' dir='ltr'><strong>ἀπὸ</strong></span> <span class='ocrx_word' id='word_1_303' title='bbox 792 3811 934 3881; x_wconf 66' lang='lat' dir='ltr'><strong>emtam,</strong></span> <span class='ocrx_word' id='word_1_304' title='bbox 952 3802 983 3868; x_wconf 73' lang='grc' dir='ltr'><strong>οὗ</strong></span> <span class='ocrx_word' id='word_1_305' title='bbox 1001 3809 1016 3867; x_wconf 84' lang='grc' dir='ltr'>ὁ</span> <span class='ocrx_word' id='word_1_306' title='bbox 1032 3816 1084 3882; x_wconf 71' lang='grc' dir='ltr'><strong>μὲν</strong></span> <span class='ocrx_word' id='word_1_307' title='bbox 1101 3809 1164 3867; x_wconf 67' lang='grc' dir='ltr'><em>ὄνος</em></span> <span class='ocrx_word' id='word_1_308' title='bbox 1181 3815 1216 3867; x_wconf 77' lang='lat' dir='ltr'><strong>sis</strong></span> <span class='ocrx_word' id='word_1_309' title='bbox 1294 3861 1300 3873; x_wconf 62' lang='lat'><em>„</em></span> 
     </span>
     <span class='ocr_line' id='line_1_35' title="bbox 62 3894 1217 3971; baseline 0 -17"><span class='ocrx_word' id='word_1_310' title='bbox 62 3898 154 3966; x_wconf 77' lang='grc' dir='ltr'><strong><em>πηλὸν</em></strong></span> <span class='ocrx_word' id='word_1_311' title='bbox 178 3895 345 3954; x_wconf 74' lang='grc' dir='ltr'><strong><em>ἐπεπτώκει·</em></strong></span> <span class='ocrx_word' id='word_1_312' title='bbox 370 3894 385 3953; x_wconf 79' lang='grc' dir='ltr'><em>ὃ</em></span> <span class='ocrx_word' id='word_1_313' title='bbox 408 3896 439 3953; x_wconf 78' lang='grc' dir='ltr'><strong>δὲ</strong></span> <span class='ocrx_word' id='word_1_314' title='bbox 462 3896 525 3952; x_wconf 75' lang='grc' dir='ltr'><em>δέον</em></span> <span class='ocrx_word' id='word_1_315' title='bbox 546 3900 664 3969; x_wconf 72' lang='grc' dir='ltr'><strong>βοηθεῖν</strong></span> <span class='ocrx_word' id='word_1_316' title='bbox 687 3899 843 3955; x_wconf 72' lang='grc' dir='ltr'><strong><em>ἐπεκαλεῖτο</em></strong></span> <span class='ocrx_word' id='word_1_317' title='bbox 867 3898 917 3952; x_wconf 82' lang='grc' dir='ltr'><strong>τὸν</strong></span> <span class='ocrx_word' id='word_1_318' title='bbox 933 3894 1065 3971; x_wconf 67' lang='grc' dir='ltr'><em>Ἠρακλέα</em></span> <span class='ocrx_word' id='word_1_319' title='bbox 1087 3898 1145 3963; x_wconf 83' lang='lat' dir='ltr'><strong>(ubi</strong></span> <span class='ocrx_word' id='word_1_320' title='bbox 1167 3901 1217 3954; x_wconf 71' lang='lat' dir='ltr'><strong>aut</strong></span> 
     </span>
     <span class='ocr_line' id='line_1_36' title="bbox 61 3981 1218 4055; baseline -0.002 -15"><span class='ocrx_word' id='word_1_321' title='bbox 61 3984 133 4040; x_wconf 89' lang='lat' dir='ltr'><strong>miro</strong></span> <span class='ocrx_word' id='word_1_322' title='bbox 156 4000 223 4041; x_wconf 90' lang='lat' dir='ltr'><strong>casu</strong></span> <span class='ocrx_word' id='word_1_323' title='bbox 244 3985 365 4040; x_wconf 85' lang='lat' dir='ltr'><strong>trimeter</strong></span> <span class='ocrx_word' id='word_1_324' title='bbox 386 3984 444 4040; x_wconf 87' lang='lat' dir='ltr'><strong>lere</strong></span> <span class='ocrx_word' id='word_1_325' title='bbox 465 3985 568 4054; x_wconf 86' lang='lat' dir='ltr'><strong>integer</strong></span> <span class='ocrx_word' id='word_1_326' title='bbox 591 3981 653 4038; x_wconf 80' lang='grc' dir='ltr'><em>δέον</em></span> <span class='ocrx_word' id='word_1_327' title='bbox 675 3985 792 4055; x_wconf 68' lang='grc' dir='ltr'><strong>βοηθεῖν</strong></span> <span class='ocrx_word' id='word_1_328' title='bbox 814 3983 871 4037; x_wconf 80' lang='grc' dir='ltr'><strong><em>κτλ.</em></strong></span> <span class='ocrx_word' id='word_1_329' title='bbox 891 3984 959 4049; x_wconf 85' lang='grc' dir='ltr'><strong>[11ε1ε</strong></span> <span class='ocrx_word' id='word_1_330' title='bbox 975 3981 1036 4048; x_wconf 83' lang='grc' dir='ltr'><strong>τὸν]</strong></span> <span class='ocrx_word' id='word_1_331' title='bbox 1054 3983 1152 4054; x_wconf 77' lang='lat' dir='ltr'><strong>legitur</strong></span> <span class='ocrx_word' id='word_1_332' title='bbox 1169 3989 1218 4038; x_wconf 85' lang='lat' dir='ltr'><strong>aut</strong></span> 
     </span>
     <span class='ocr_line' id='line_1_37' title="bbox 61 4069 818 4139; baseline -0.003 -15"><span class='ocrx_word' id='word_1_333' title='bbox 61 4069 161 4126; x_wconf 86' lang='lat' dir='ltr'><strong>fabula</strong></span> <span class='ocrx_word' id='word_1_334' title='bbox 176 4069 273 4125; x_wconf 85' lang='lat' dir='ltr'><strong>iambis</strong></span> <span class='ocrx_word' id='word_1_335' title='bbox 292 4069 355 4124; x_wconf 91' lang='lat' dir='ltr'><strong>olim</strong></span> <span class='ocrx_word' id='word_1_336' title='bbox 372 4069 425 4124; x_wconf 85' lang='lat' dir='ltr'><strong>fuit</strong></span> <span class='ocrx_word' id='word_1_337' title='bbox 441 4069 555 4138; x_wconf 86' lang='lat' dir='ltr'><strong>inclusa,</strong></span> <span class='ocrx_word' id='word_1_338' title='bbox 574 4069 608 4124; x_wconf 85' lang='lat' dir='ltr'><strong>cf.</strong></span> <span class='ocrx_word' id='word_1_339' title='bbox 619 4069 719 4126; x_wconf 82' lang='lat' dir='ltr'><strong>Eberh.</strong></span> <span class='ocrx_word' id='word_1_340' title='bbox 729 4086 756 4139; x_wconf 92' lang='lat' dir='ltr'><strong>p.</strong></span> <span class='ocrx_word' id='word_1_341' title='bbox 767 4074 818 4138; x_wconf 79' lang='lat'><strong>95).</strong></span> 
     </span>
    </p>
   </div>
   <div class='ocr_carea' id='block_1_9' title="bbox 0 0 1472 4690">
    <p class='ocr_par' dir='ltr' id='par_1_12' title="bbox 0 0 1472 4690">
     <span class='ocr_line' id='line_1_38' title="bbox 0 0 1472 4690; baseline 0 3"><span class='ocrx_word' id='word_1_342' title='bbox 0 0 1472 4690; x_wconf 95' lang='lat' dir='ltr'><strong> </strong></span> 
     </span>
    </p>
   </div>
  </div>
 </body>
</html>
