2938 4688
165 1327 341 1424 InBabrii
363 1364 502 1425 aetatem
525 1357 740 1425 definiendam
763 1365 840 1443 quot
862 1357 921 1424 uiri
947 1356 1033 1426 docti
1054 1359 1226 1441 inquisiue-

73 1468 148 1528 runt
175 1466 223 1528 tot
250 1463 316 1528 fere
344 1461 489 1545 prolatae
518 1466 591 1528 sunt
619 1460 795 1528 sententiae
824 1462 934 1529 uariae
963 1463 1122 1547 longeque
1144 1462 1227 1529 inter

74 1583 110 1629 se
139 1563 301 1647 diuersae,
330 1568 485 1646 uagantes
512 1583 571 1631 eac
599 1584 620 1629 a
647 1564 740 1630 tertio
767 1584 796 1630 a.
821 1564 894 1630 Chr.
916 1584 946 1629 n.
969 1566 1098 1632 saeculo
1125 1583 1226 1648 usquc

75 1665 118 1732 ad
144 1665 272 1736 tertium
294 1687 324 1750 p.
349 1665 421 1732 Chr.
444 1687 489 1732 n.:
519 1670 615 1746 atque
639 1686 679 1733 ne
701 1665 797 1733 hodie
820 1666 949 1749 quidem
978 1672 1052 1751 post
1080 1668 1226 1752 egregias

74 1765 253 1834 Eberhardi
290 1787 382 1833 curas
394 1766 418 1850 ¹)
452 1769 560 1834 lumen
600 1767 678 1833 satis
718 1769 838 1833 clarum
878 1767 1011 1834 allatum
1048 1773 1098 1834 est
1133 1787 1227 1852 argu-

74 1875 182 1937 mento
209 1870 257 1935 illi
290 1871 384 1936 nimis
417 1871 552 1937 obscuro
563 1868 597 1954 ²).
650 1869 730 1936 Cum
764 1875 871 1935 autem
900 1876 1031 1956 propter
1060 1871 1226 1938 historiam

74 1977 106 2038 ct
139 1972 314 2038 litterarum
347 1973 551 2054 antiquarum
586 1978 619 2038 et
650 1971 792 2057 ipsarum
825 1972 1015 2040 fabellarum
1048 1974 1224 2040 narratiun-

73 2073 279 2158 cularumque
312 2074 399 2140 haud
426 2073 519 2159 parui
547 2074 589 2141 sit
614 2075 767 2142 momenti
792 2075 980 2141 fabulatoris
1003 2075 1117 2142 Graeci
1140 2075 1226 2142 unici

72 2195 263 2261 pernoscere
292 2183 448 2260 aetatem,
479 2196 595 2262 operae
624 2177 761 2261 pretium
786 2176 912 2244 uidetur
939 2177 1120 2243 uniuersam
1143 2179 1226 2246 hano

74 2277 297 2358 quaestionem
326 2297 422 2361 quam
450 2279 688 2368 accuratissime
718 2285 901 2346 retractare.
956 2279 1096 2346 Primum
1129 2281 1226 2363 igitur

73 2380 237 2446 hominum
262 2380 427 2448 doctorum
451 2382 619 2467 opiniones
640 2381 753 2448 inuno
773 2388 943 2466 conspectu
957 2403 1113 2468 ponamus
1129 2390 1225 2466 atque

74 2501 113 2548 ea
143 2500 208 2564 qua
235 2503 295 2567 par
323 2490 372 2550 est
402 2483 570 2568 diligentia
599 2483 808 2550 diiudicemus
833 2519 869 2528 -
896 2501 991 2565 quarn
1017 2503 1148 2568 operam
1170 2506 1224 2550 ne-

73 2584 247 2650 cessariam
275 2585 451 2669 utilemque
478 2584 650 2653 nemodum
679 2584 820 2669 suscepit
840 2621 898 2667 -,
928 2584 1045 2651 deinde
1071 2587 1225 2668 numquid

72 2685 136 2770 ipsi
166 2685 282 2752 certius
309 2693 451 2754 statuere
472 2687 631 2773 possimus
654 2686 829 2755 uideamus.
873 2685 939 2752 Sed
962 2707 1002 2753 ne
1023 2688 1148 2773 longior
1169 2688 1225 2754 fiat

72 2787 248 2872 disputatio
271 2807 367 2871 quam
390 2790 507 2873 utilior,
529 2809 639 2858 eorum
662 2790 847 2857 omittamus
868 2797 1056 2874 commenta,
1080 2791 1135 2873 qni
1149 2799 1224 2858 antc
1258 2817 1260 2820 ·
1323 2830 1326 2836 ,

72 2889 226 2956 Babrium
248 2889 412 2958 inuentum
435 2891 476 2958 de
498 2896 604 2960 aetate
627 2892 695 2960 eius
716 2891 870 2958 iudicium
891 2891 1070 2976 fecerunt‘t)
1088 2930 1127 2939 —
1148 2915 1224 2961 nam

71 2993 103 3056 in
133 2993 191 3058 tali
218 2992 432 3061 subsidiorum
461 2995 570 3080 inopia
597 2994 720 3062 incerta
747 2994 854 3060 omnia
879 2993 977 3061 fuisse
1000 3000 1032 3060 et
1054 3014 1153 3080 uaga,
1183 3018 1224 3063 ex
1335 3027 1338 3032 ·

74 3129 278 3140 —-—.-—.-

161 3199 183 3261 l)
205 3195 381 3252 Eberhardus
404 3211 491 3266 neque
515 3197 574 3252 obs.
592 3213 618 3266 p.
637 3200 652 3250 3
681 3194 837 3250 accuratius
860 3197 967 3264 tempus
991 3194 1114 3250 definiuit
1137 3211 1224 3267 neque

68 3279 189 3347 Babrp.
199 3279 248 3348 Ill,
266 3282 314 3336 ubi
330 3281 423 3352 primis
440 3287 523 3352 post
540 3281 678 3336 Christum
692 3286 786 3336 natum
801 3280 919 3335 sacculis
931 3294 992 3334 eum
1009 3280 1111 3336 uixisse
1129 3284 1224 3338 statuit

68 3370 216 3434 propterea
228 3366 300 3434 quod
311 3363 469 3422 ‘incredibili
488 3362 645 3422 subtilitatc'
660 3381 755 3421 uersus
770 3364 932 3434 expolinerit
950 3370 1108 3436 tantamque
1125 3384 1223 3424 accen·

68 3451 111 3504 tui
128 3449 184 3504 uim
201 3450 335 3518 tribuerit,
353 3452 430 3506 utin
448 3453 614 3521 paenultima
630 3466 727 3506 uersus
745 3450 809 3506 sede
826 3465 859 3504 ex
876 3451 935 3518 lege
952 3465 1014 3505 eum
1031 3459 1152 3520 poneret.

156 3538 182 3600 2)
200 3534 240 3589 Gi.
259 3535 361 3590 Nabcri
377 3537 507 3592 iudicium
529 3537 659 3592 Mnemos.
677 3553 704 3591 n.
723 3553 744 3590 a.
762 3537 801 3592 IV
818 3539 906 3603 (tara)
929 3553 957 3606 p.
977 3541 1039 3592 383:
1061 3533 1079 3592 ‘.
1098 3580 1104 3592 .
1124 3580 1130 3592 .
1147 3539 1224 3607 igno·

68 3626 147 3674 ratur
164 3625 192 3675 et
208 3619 326 3676 fortasse
343 3637 450 3690 semper
466 3622 646 3692 ignorabitur,
671 3621 779 3691 quando
799 3621 914 3677 Babrius
933 3621 1044 3687 uixerit,
1070 3638 1133 3678 nam
1150 3624 1222 3678 leuia

68 3709 229 3774 argumenta
242 3709 313 3771 sunt,
333 3704 431 3774 quibus
443 3707 471 3760 in
483 3707 535 3761 hoc
548 3712 705 3774 argumento
718 3707 770 3761 uiri
782 3707 855 3762 docti
866 3708 1024 3777 plerumque
1035 3703 1157 3762 utuntur’
1168 3713 1219 3762 etc.

157 3793 182 3856 3)
200 3789 288 3845 Unam
305 3789 393 3858 ipsius
405 3791 510 3846 Bentlcl
527 3791 688 3847 senteutiam
699 3786 815 3848 ‘dissert
828 3808 902 3861 upon
915 3793 1030 3860 Aescp's
1042 3789 1149 3847 Fables’
1163 3809 1190 3848 n.
1206 3799 1220 3846 7

69 3875 130 3930 sinc
147 3875 204 3929 ulla
214 3876 447 3944 argumentatione
458 3876 590 3946 prolatam
603 3876 735 3944 exscribo‚
754 3877 884 3932 Babrium
895 3891 955 3932 esse
967 3872 1029 3931 ‘one
1041 3875 1070 3931 ol
1081 3877 1128 3933 tlre
1139 3879 1222 3935 latest

68 3973 121 4028 age
139 3957 170 4013 cf
184 3959 255 4028 good
272 3956 395 4027 writers',
407 3961 427 4014 i.
437 3975 460 4015 e.
478 3962 552 4018 tertii
568 3978 594 4032 p.
606 3962 668 4019 Ohr.
678 3978 705 4016 n.
716 3962 818 4018 saeculi
835 3961 880 4017 uel
897 3962 988 4030 quarti
999 3961 1118 4018 ineuntis
1129 3962 1220 4019 Lach-

67 4059 170 4100 manno
188 4043 270 4099 Babr.
292 4060 319 4114 p.
333 4044 360 4097 X
377 4045 531 4114 interprete.
565 4045 755 4102 Coniecturam
773 4062 821 4103 seu
837 4046 929 4117 potius
948 4046 1142 4103 diuinatIonem
1160 4065 1222 4106 eum

65 4145 124 4184 non
144 4127 282 4197 fefellisse,
300 4144 342 4184 me
361 4129 512 4185 euicturum
529 4143 588 4185 esse
607 4130 722 4187 confido.

979 4235 1126 4288 or·
