2934 4690
501 348 533 404 de
551 345 646 403 Babrii
662 348 760 402 aetate.
1146 341 1206 402 213

70 523 185 606 agebat,
211 520 294 589 redit
314 520 518 604 prouerbium
545 513 695 605 ύρκτου
718 515 935 602 παρούσης
958 514 1046 603 ἰ’χνη
1069 513 1119 602 μη
1145 513 1210 603 ζη-

70 647 138 703 ιει,
168 623 209 688 de
239 641 302 703 quo
328 620 487 688 Zenobius
510 622 557 704 ΙΙ,
580 625 635 687 36:
666 618 722 684 ἒτιὶ
752 621 818 683 τῶν
850 616 997 683 δειλῶν
1025 619 1210 704 κυνηγῶν

71 724 189 812 εἴρηται
215 717 235 810 ἦ
265 727 442 809 παροιμία.
489 725 669 808 Μέμνηται
700 719 736 784 δὲ
764 711 865 806 αὐτῆς
888 717 1148 806 Βακχυλίδης
1177 717 1210 785 ἐν

71 828 211 892 Παιᾶσιν
236 824 368 908 (Bergk.
390 824 465 908 lyrr.
486 844 517 907 p.
536 825 648 906 1231),
678 826 774 902 atque
796 822 957 905 geminum
977 820 1058 886 illud
1089 815 1209 906 ύρκτου

70 925 232 1014 παρούσης
254 923 295 990 τύ
320 923 391 1011 ἰ’χνη
416 921 521 1010 ζητεῖς
543 923 677 1005 Diogen.
696 923 735 1006 ΙΙ,
752 926 793 988 10
816 927 848 988 et
870 923 987 989 Suidas
1009 941 1033 988 s.
1057 944 1105 1007 u.,
1134 943 1210 1007 quo-

70 1030 206 1096 rumille
229 1021 320 1092 addit
343 1022 481 1090 ἐπὶτῶν
497 1023 616 1090 δειλῶν
638 1026 792 1111 κυνηγῶν,
816 1024 868 1091 hic
891 1021 946 1090 ἐντὶ
970 1027 1035 1090 τῶν
1057 1021 1099 1089 τὰ
1122 1049 1210 1110 τιαρ-

71 1131 142 1197 ύντα
158 1129 263 1218 ζητεῖν
280 1130 577 1214 προςιτοιουμένιον
594 1124 753 1207 (similiter
768 1123 825 1190 ἐντὶ
841 1129 907 1190 τῶν
922 1124 1100 1213 προδήλων
1115 1126 1210 1208 Greg.

71 1235 157 1318 Cypr.
176 1233 218 1297 M.
239 1234 264 1315 1,
282 1235 322 1294 54
345 1236 377 1297 et
398 1230 515 1295 Matar.
539 1229 578 1312 ΙΙ,
595 1231 636 1290 42
659 1231 755 1308 atq'ue
777 1224 922 1294 ἐπὶτῶν
945 1221 1077 1316 ἀδήλων
1099 1228 1210 1313 Apost.

71 1336 105 1418 ΙΙ,
119 1338 158 1398 24
174 1337 285 1418 aperto
300 1328 430 1413 errore).
461 1331 545 1398 Usus
562 1336 611 1395 est
627 1347 665 1394 eo
679 1328 900 1396 Aristaenetus
917 1351 965 1415 ep.
981 1331 1021 1415 11,
1040 1335 1076 1395 12
1094 1330 1137 1415 (p.
1152 1334 1211 1395 165

70 1435 177 1518 Βοίεε.)
200 1428 319 1520 δι’ρκτου
336 1428 508 1518 παρούσης
532 1480 589 1496 ...
614 1421 671 1495 ούκ
694 1426 883 1517 ἐντιζητησω
898 1429 939 1497 τὰ
956 1431 1026 1519 ἰ’χνη
1050 1437 1148 1514 utque
1170 1432 1213 1497 ad

70 1535 275 1602 narrationem
297 1532 436 1599 similem
451 1536 599 1617 spectant
614 1551 697 1613 quae
712 1533 810 1599 habet
825 1534 1015 1600 Plutarchus
1029 1535 1063 1599 in
1078 1533 1211 1601 Luoullo

71 1641 125 1704 u8
146 1659 176 1722 p.
194 1640 270 1701 496:
295 1631 468 1720 [Lucullus]
493 1625 552 1699 ούκ
574 1632 637 1721 ’ἐφη
662 1632 847 1720 δειλότερος
870 1630 956 1700 εἶναι
971 1637 1037 1700 τῶν
1055 1638 1210 1722 κυνηγῶν,

71 1731 148 1804 ὥστε
176 1736 218 1804 τὰ
244 1741 351 1824 θηρία
377 1733 561 1822 παρελθών
588 1733 645 1800 ἐντὶ
674 1733 787 1812 κενούς
817 1728 926 1801 αύτῶν
953 1733 1032 1813 τούς
1061 1734 1212 1823 φωλεούς

71 1839 224 1922 tonitium:
248 1841 286 1906 of.
303 1838 391 1906 editt.
408 1838 493 1904 Gott.
515 1837 559 1903 ad
580 1837 699 1905 Zenob.
715 1839 755 1921 ll,
772 1841 823 1904 36.

12 1953 14 2042 η
147 1943 226 2009 Fab.
249 1947 289 2007 93
313 1937 460 2026 luporum
482 1940 582 2022 legati
603 1958 715 2023 paoem
738 1939 851 2006 ouibus
873 1940 1010 2007 offerunt
1039 1959 1078 2005 ea
1105 1939 1212 2006 condi·

12 2069 13 2078 ¹
73 2043 169 2125 tione,
196 2050 232 2110 ut
260 2062 354 2110 oanes
384 2040 426 2107 ad
458 2040 649 2126 supplicium
671 2040 733 2106 sibi
755 2040 928 2107 tradantur.
974 2041 1077 2120 Quam
1106 2040 1212 2107 eondi-

73 2146 186 2212 oionem
209 2165 280 2212 oum
302 2164 381 2229 grex
403 2143 537 2210 stolidus
560 2142 729 2227 aooiperet,
752 2142 835 2210 aries
857 2162 956 2210 senex

263 2272 390 2366 ‘uorsus
412 2302 448 2362 γε
469 2270 603 2365 ταύτης
630 2273 705 2343 εἶπε
724 2272 796 2365 (της
817 2283 996 2366 μεσιτελης.

268 2371 456 2467 ἀφύλακτος
479 2375 555 2462 ύμῖν
577 2383 651 2457 πῶς
674 2379 735 2465 ύγῶ
761 2378 955 2467 συνοικήσω,

268 2474 313 2546 δι’
340 2479 396 2558 οὓς
419 2485 584 2564 νέμεσθαι
605 2481 689 2568 μηδὲ
712 2485 767 2547 νῦν
791 2476 972 2557 ἀκινδύνως

268 2580 384 2662 ἔξεστι,
407 2588 517 2648 καίτοι
538 2585 604 2648 τῶν
626 2586 730 2648 κυνῶν
752 2607 794 2666 με
814 2573 1031 2671 superiorum?

73 2717 152 2796 Quid
172 2718 289 2783 fautum
316 2718 358 2784 sit
385 2719 498 2785 ouibus
524 2741 587 2786 non
616 2724 769 2786 narratur.
813 2719 927 2786 Paullo
956 2717 1114 2803 pleniores
1142 2726 1215 2787 sunt

73 2826 191 2886 oeterae
212 2820 265 2886 uel
281 2819 423 2886 Graecae
436 2821 539 2886 ⁴huius
560 2821 740 2903 argumenti
760 2821 890 2888 fabulae
912 2818 962 2904 (G.
976 2842 1008 2905 p.
1027 2826 1086 2886 155
1100 2839 1147 2902 sq.
1167 2820 1213 2885 in-

73 2939 129 3001 que
142 2920 253 3006 primis
269 2918 302 2986 S.
322 2920 403 3004 151),
426 2921 484 2988 sed
498 2921 712 3006 pulcherrima
727 2922 867 2989 omnium
882 2927 988 2988 exstat
1002 2923 1091 2988 Rom.
1104 2923 1160 3006 ΠΙ,
1177 2926 1213 2987 13

73 3051 111 3073 =
124 3022 258 3089 Phaedr.
274 3023 394 3089 Dressl.
412 3042 486 3107 app.
501 3023 541 3108 ΙΙ,
559 3028 598 3088 20
612 3023 652 3106 ¹):
672 3018 773 3091 ‘Oues
793 3030 824 3091 et
847 3024 913 3109 lupi
934 3025 1015 3089 inter
1037 3043 1072 3089 se
1094 3023 1214 3088 bellum

72 3124 229 3208 gerebant,
243 3122 290 3188 ita
305 3124 441 3188 utnulla
456 3144 531 3209 pars
546 3125 602 3190 alii
617 3123 753 3192 eederet
780 3126 860 3192 Illae
876 3120 977 3209 [oues]
992 3130 1082 3190 erant
1096 3125 1213 3208 plures,

73 3228 192 3290 etcum
215 3223 260 3289 eis
284 3243 379 3290 oanes
402 3230 434 3290 et
455 3225 580 3293 arietes.
616 3226 727 3293 Visum
750 3232 798 3293 est
820 3227 945 3310 signum
968 3225 1121 3291 uictoriae
1142 3245 1213 3292 esse

73 3324 182 3392 ouium.
216 3327 307 3392 Turro
320 3327 388 3410 lupi
403 3326 528 3412 legatos
551 3327 678 3393 mittunt
700 3347 813 3412 paoem
834 3333 980 3413 petentes
1003 3324 1136 3394 iurando
1160 3327 1213 3411 (of.

73 3425 176 3492 Babrii
197 3418 314 3512 ὅρκους
337 3431 494 3514 φέροντες
516 3430 573 3494 καλ
593 3432 730 3512 βέβαιον
754 3427 909 3516 εἰρήνην),
931 3429 958 3495 si
977 3449 1071 3497 oanes
1086 3429 1215 3498 obsides

73 3523 180 3594 darent
202 3528 312 3612 (aliter
333 3528 483 3614 Babrius)
514 3535 547 3597 et
568 3551 645 3597 oues
668 3531 790 3598 oatulos
813 3551 921 3598 eorum
946 3531 988 3598 ab
1018 3531 1064 3598 eis
1092 3532 1215 3616 aooipe-

74 3634 147 3695 rent.
183 3632 235 3696 Ita
255 3631 397 3699 fecerunt
419 3638 452 3698 et
473 3631 607 3700 iurando
629 3631 726 3697 fidem
749 3631 904 3700 dederunt
925 3633 999 3699 illis.
1037 3629 1159 3699 Ouibus
1180 3632 1214 3698 in

72 3746 148 3810 paee
169 3731 282 3814 positis
303 3731 405 3817 lupini
427 3735 525 3800 eatuli
546 3734 671 3801 ululare
693 3743 878 3819 coeperunt5
902 3734 970 3819 lupi
991 3738 1082 3802 natos
1105 3734 1217 3801 uexari

72 3835 218 3913 putantes
232 3831 362 3900 ueniunt
377 3835 527 3919 undique,
549 3835 643 3901 simul
666 3836 775 3902 dieunt
796 3857 908 3922 paoem
930 3836 1059 3902 abillis
1081 3844 1215 3921 ruptam.

74 3984 270 3996 ᾕ--ι

153 4089 176 4150 lt
194 4084 319 4141 Phaedro
338 4100 398 4141 eam
415 4085 536 4140 uindicat
554 4086 635 4142 etiam
653 4087 684 4140 L.
695 4086 811 4142 Mueller
827 4081 870 4140 ‘de
887 4081 946 4140 Ph?
966 4104 993 4155 p.
1007 4091 1046 4142 18.
