2938 4688
44 3837 102 3898 lep

553 307 585 362 de
603 306 696 362 Babrii
713 308 810 362 aetate.
1197 305 1258 368 163

105 503 178 550 rum
200 480 338 548 Babrius
362 473 454 568 ᾄδειν
479 481 591 562 μῦθον
613 479 654 548 de
676 481 804 564 Aesopo
827 480 882 546 uix
905 478 1048 565 dixisset,
1070 500 1145 547 narn
1167 481 1259 550 fabu-

106 583 158 650 las
181 583 223 650 ab
238 583 367 669 Aesopo
382 601 478 668 prosa
493 582 636 650 oratione
651 588 796 650 narratas
811 576 902 665 (εἶπε
918 581 1035 669 λόγους
1049 604 1097 669 pr.
1111 584 1152 667 ΙΙ,
1169 589 1258 668 4sq.,

105 684 240 770 μύθους
263 683 454 772 φράσαντος
475 686 534 772 τῆς
553 682 732 774 ἐλευθέρης
746 684 882 773 μούσης,
904 685 925 752 i.
942 705 969 752 e.
985 685 1128 753 oratione
1143 688 1258 770 soluta,

105 809 155 875 pr.
171 789 203 871 Ι,
228 792 267 852 15
283 787 345 870 sq.)
368 806 403 855 se
425 787 529 874 ipsum
551 788 687 872 primurn
710 788 855 856 uersibus
878 789 1082 856 oonoinnatos
1105 787 1258 857 oeeinisse

105 888 159 971 (of.
175 910 206 974 p.
225 892 285 955 135
301 887 375 957 adn.
391 888 425 973 2)
448 888 575 956 disertis
599 890 705 957 uerbis
726 896 860 958 testatur
871 889 903 974 ¹).

193 991 292 1058 Nulla
318 991 416 1075 igitur
437 991 559 1059 Naberi
587 998 660 1058 sunt
690 999 885 1076 argumenta.
931 993 1054 1060 Tamen
1084 992 1258 1076 largiamur

106 1093 177 1161 niro
199 1093 294 1161 doato
317 1095 507 1162 monaahum
530 1094 670 1176 aliquem
686 1094 901 1162 recensionem
917 1095 1057 1162 Athoam
1074 1095 1256 1163 eonfeoisso.

105 1197 176 1262 Iam
198 1197 312 1263 mirum
334 1197 416 1264 illud
438 1196 570 1280 oceidit,
601 1202 636 1262 ut
665 1195 778 1264 eodem
806 1197 874 1264 fere
903 1202 1046 1284 tempore
1077 1217 1140 1281 quo
1162 1203 1258 1283 poeta

106 1298 235 1366 Atheus
256 1299 340 1366 alius
363 1299 459 1366 etiam
480 1299 654 1366 monachus
669 1298 779 1365 Babrii
801 1298 927 1367 fabulas
950 1299 1147 1386 rescripserit
1162 1305 1258 1384 atquo

105 1401 140 1467 in
163 1401 294 1469 easdem
316 1403 407 1488 loges
422 1401 570 1469 metrioas
585 1399 740 1485 inciderit,
762 1421 837 1468 nam
853 1399 973 1470 Suidae
988 1401 1131 1470 recensio
1147 1420 1257 1485 quam·

107 1521 204 1584 quam
226 1503 267 1569 ab
291 1504 398 1570 Athea
427 1521 525 1588 saepe
554 1521 648 1585 quam
678 1501 862 1588 longissime
891 1503 1012 1572 reoedit
1033 1504 1156 1588 uerbis,
1185 1503 1258 1590 ipsa

106 1609 215 1672 tamen
236 1605 340 1673 forma
361 1606 493 1674 metrioa
514 1606 611 1692 plane
634 1625 706 1671 oum
722 1624 761 1670 ea
775 1606 928 1690 congruit.
961 1604 1026 1674 Sed
1041 1607 1144 1691 magis
1160 1605 1256 1673 etiam

106 1706 221 1773 mirum
238 1714 296 1792 est,
320 1707 407 1790 quod
428 1714 503 1800 ante
518 1728 637 1774 annum
657 1727 690 1794 p.
707 1706 780 1774 Ohr.
797 1711 858 1774 300
881 1709 1031 1783 monaehi
1052 1708 1100 1775 illi
1117 1709 1257 1776 nixerint

105 1829 238 1877 neeesse
260 1815 318 1894 est,
341 1829 412 1877 oum
427 1799 541 1894 uersus,
554 1809 701 1878 Dositbei
717 1808 820 1892 (ouius
835 1810 1016 1878 testimonio
1032 1810 1101 1878 sine
1116 1811 1183 1876 ulla
1200 1809 1255 1877 du-

105 1911 261 1980 bitatione
275 1912 385 1980 Naber
407 1917 456 1978 est
470 1910 560 1997 usus)
575 1920 608 1979 et
622 1911 738 1978 Iuliani
756 1909 835 1994 (fab.
852 1916 902 1994 32,
922 1912 955 2001 1)
968 1914 1009 1980 ab
1025 1913 1140 1979 Athois
1155 1920 1256 1980 metro
1314 1980 1318 1998 ,

105 2013 338 2100 οξΙχΙΙ-οῃηὶηο,
350 2012 510 2095 resededit.
524 2005 629 2096 ...Quin
646 2014 742 2081 etiam
757 2015 847 2098 ipso
864 2014 1017 2081 Naberi
1031 2013 1257 2082 Pausanias

105 2116 294 2183 Babrium
309 2116 479 2183 Atboum
494 2117 612 2201 legisse
628 2115 804 2184 censendus
823 2121 916 2199 esset,
934 2135 1008 2182 narn
1023 2117 1055 2182 in
1070 2117 1199 2183 fabulae
1216 2121 1255 2182 20

105 2219 250 2286 frustulis
273 2239 294 2284 a
315 2217 430 2285 Photio
452 2218 474 2285 l.
498 2239 522 2286 s.
546 2237 571 2285 s.
589 2219 730 2286 seruatis
753 2238 903 2292 uersuum
926 2218 1031 2285 exitus
1053 2218 1140 2286 baud
1160 2219 1256 2304 pauci

104 2321 212 2389 insunt
234 2359 276 2368 -
298 2320 387 2387 uelut
409 2316 443 2384 ἐκ
464 2318 591 2409 κώμης,
615 2323 681 2386 τῶν
704 2323 828 2407 τροχῶν
852 2312 975 2401 ἅπτου,
998 2317 1056 2386 τὸν
1078 2318 1162 2386 θεὸν
1184 2321 1255 2408 (pro

104 2421 182 2500 τοὺς
204 2421 321 2508 θεοὺς)
345 2415 449 2503 εὔχου,
472 2420 580 2510 μάτην
604 2417 707 2504 εὔχου,
729 2421 872 2510 κοιλώὸη
896 2421 1052 2509 φάραγγα
1068 2420 1139 2508 (pro
1162 2447 1198 2510 φ.
1214 2427 1255 2502 κ.)

105 2562 147 2572 -
171 2526 225 2608 qui
247 2525 288 2590 ab
312 2524 426 2590 Athois
453 2523 532 2590 nibil
553 2523 714 2592 reoedant.
752 2523 846 2592 Certe
868 2525 931 2591 nisi
953 2524 1145 2592 Tertulliani
1174 2523 1256 2592 illud

102 2622 245 2713 ‘prorsus
275 2624 428 2693 credibile
459 2632 507 2692 est
529 2626 604 2708 qnia
625 2628 768 2712 ineptum
791 2633 856 2710 est,
887 2634 1007 2693 eertum
1029 2632 1077 2694 est
1099 2626 1175 2709 quia
1197 2625 1255 2693 im·

104 2720 276 2815 possibile’
301 2729 335 2794 in
356 2727 534 2814 philologia
556 2747 682 2812 quoque
705 2729 808 2812 ualet,
834 2726 997 2795 reioienda
1019 2734 1068 2796 est
1090 2732 1122 2795 et
1145 2730 1255 2814 explo-

105 2831 213 2898 denda
234 2831 355 2898 Naberi
378 2829 418 2895 de
437 2829 560 2906 Bebrio
582 2831 699 2916 opinio.

105 3051 203 3107 studiis
226 3065 319 3106 eorum
341 3049 472 3119 congruit.
508 3048 550 3104 De
572 3047 632 3118 ipso
652 3047 815 3104 callimacho
836 3046 963 3116 cogitauit
982 3046 1147 3104 Schneider.
1166 3051 1183 3104 l.
1197 3065 1219 3106 s.
1233 3065 1255 3106 s.

104 3153 131 3206 p.
149 3141 173 3201 l,
192 3135 239 3191 sed
257 3150 313 3189 non
332 3133 435 3190 suffieit
453 3148 548 3189 cause:
567 3128 620 3188 ‘bei
638 3133 736 3188 suidas
755 3133 828 3188 steht
844 3133 934 3186 hinter
951 3135 1069 3202 κρημνοῦ
1086 3135 1157 3189 nooh
1174 3131 1256 3202 μάλα,

103 3221 189 3276 werin
213 3220 267 3284 iob¹
282 3218 371 3274 niehts
389 3218 503 3274 anderes
521 3220 562 3273 als
578 3220 788 3286 ΚΑΛΛίμοιχοο
806 3213 946 3284 erkenne',
965 3232 1026 3272 oum
1046 3218 1074 3272 in
1091 3217 1164 3288 polla
1182 3220 1256 3277 haud

105 3305 187 3363 dubie
198 3305 284 3360 lateat
296 3304 412 3360 creticus
424 3304 453 3358 in'
465 3303 552 3359 medio
560 3303 585 3357 'a
596 3299 685 3356 αὐ.“-
694 3322 716 3349 υ
724 3333 758 3342 -
769 3324 793 3356 κ.
806 3301 847 3375 op.
860 3317 943 3356 uersu
958 3300 1138 3359 desideratus:
1157 3309 1256 3363 nocula

103 3393 151 3446 illa
173 3391 298 3446 mutilate
322 3405 382 3444 oum
404 3402 513 3444 sensum
537 3404 591 3444 non
608 3388 750 3457 praeberet
767 3387 803 3442 ad
819 3387 966 3456 marginem
984 3387 1121 3456 adscripta
1139 3391 1255 3446 uidetur.

105 3477 147 3532 De
166 3474 354 3532 emendatione
371 3474 480 3529 dubito:
499 3472 676 3529 fundamento
691 3476 853 3528 eer'to'ceret
865 3471 1062 3528 Schneidewini
1073 3471 1182 3540 υηλέου,
1199 3491 1256 3530 me·
1353 3521 1356 3530 ,

104 3563 158 3616 lius
177 3565 219 3616 ost
235 3558 390 3614 Eberhardi
408 3564 437 3614 et
452 3558 622 3622 bethmanni
638 3553 705 3626 μάλ’
719 3554 812 3611 ἀθέους
830 3561 857 3613 et
873 3559 962 3628 possis
980 3557 1061 3614 etiem
1077 3554 1142 3626 μάλ’
1156 3554 1256 3612 ἀδίκου

104 3647 232 3711 scribere,
246 3643 318 3714 quod
328 3644 427 3700 Snidae
439 3643 600 3713 quibusdem
612 3643 678 3698 loeis
688 3658 742 3698 sn.
751 3643 884 3698 Αἴσυπος
893 3650 921 3700 et
929 3639 1094 3698 Αἰσώπειον
1106 3642 1172 3711 οἴμοι
1183 3659 1257 3700 oom-

104 3731 260 3792 mendatum
284 3729 332 3784 sed
349 3729 378 3783 in
395 3729 448 3784 hoe
465 3744 594 3784 uersuum
611 3742 709 3796 genere
726 3728 800 3784 arsin
821 3729 977 3785 coniectura
995 3728 1101 3782 soluere
1118 3728 1164 3781 uix
1182 3728 1256 3784 lieet.

194 3819 219 3882 1)
236 3814 349 3869 Falsum
367 3803 708 3900 esfflobnddewmus
720 3813 737 3866 l.
748 3830 770 3869 s.
780 3830 801 3869 s.
812 3831 838 3884 p.
852 3816 952 3868 libia
963 3811 1063 3866 Bebrio
1081 3826 1177 3868 uersus
1194 3813 1255 3870 illos

44 3917 54 3937 υ·
105 3900 245 3957 abiudioat
262 3904 458 3968 argumentum,
475 3899 613 3967 Aesopum
626 3898 726 3955 Bebrio
744 3915 804 3956 esse
819 3899 922 3969 Syrum,
941 3913 995 3953 non
1007 3895 1175 3966 Sardianon,
1193 3915 1256 3956 nem

105 3987 176 4042 falsa
194 3999 323 4040 uersuum
340 3998 458 4054 prooem.
476 3983 511 4050 ΙΙ,
533 3988 544 4038 1
564 3998 621 4053 sqq.
640 3984 705 4050 etl,
726 3990 756 4040 15
776 3983 897 4052 corrupti
915 3982 1010 4040 nititur
1030 3982 1255 4051 interpretatione

106 4086 188 4141 quarn
205 4086 232 4139 p.
252 4073 283 4123 20
302 4065 461 4140 protulerat.
