2934 4690
515 299 548 354 de
565 297 660 353 Babrii
677 301 775 354 aetate.
1161 295 1222 358 223

84 472 194 540 Plinius
211 494 242 538 n.
258 472 290 538 h.
305 471 346 556 X,
363 475 442 536 204:
461 465 633 539 ‘dissident
648 521 656 537 .
672 519 680 537 .
698 521 704 537 .
722 469 850 552 aquilae
869 475 901 538 et
923 469 1085 553 trochilus,
1107 469 1135 537 si
1158 490 1223 538 cre-

84 576 176 642 dimus
199 573 350 660 quoniam
373 595 430 641 rex
452 573 634 658 appellatur
657 563 782 639 auium?
823 570 898 638 Alia
918 570 1009 639 dabit
1032 571 1224 640 Guhematis

83 678 194 758 coolog.
210 675 344 760 mythol.
359 676 392 740 Π
405 697 437 761 p.
455 678 525 741 208.

159 778 250 846 Bodl.
268 781 307 844 23
323 777 376 861 (H.
393 781 443 844 92.
467 776 499 843 O.
517 781 593 861 3073
617 774 824 861 paraphrasis
846 774 992 841 Parisina
1011 775 1045 842 0.
1061 796 1091 860 p.
1109 775 1223 858 403)1)

83 880 214 964 agricola
235 879 378 962 aquilam
401 884 536 964 captam,
559 876 825 962 pulchritudinem
848 876 916 942 cius
938 876 1122 960 admiratus,
1145 878 1223 945 libe-

82 1003 142 1049 ram
163 981 309 1063 dimittit;
334 980 444 1064 aquila
465 977 611 1046 beneficii
635 999 756 1045 memor
778 978 838 1044 sub
860 997 949 1045 muro
967 976 1096 1061 putrido
1112 978 1225 1045 sedeu-

82 1091 138 1151 tem
160 1102 231 1151 eum
254 1081 367 1150 uidens
389 1082 509 1149 fascem
531 1101 551 1147 a
573 1080 677 1164 capite
700 1080 769 1147 eius
794 1080 961 1164 abreptum
991 1080 1109 1163 aufert;
1140 1080 1223 1148 euci-

82 1192 158 1252 tatus
178 1183 234 1251 ille
256 1184 457 1267 persequitur
478 1202 589 1266 auem,
620 1200 702 1264 quae
724 1179 833 1248 statim
854 1180 1010 1266 praedam
1033 1180 1146 1265 deicit,
1175 1203 1225 1250 re·

81 1305 246 1368 uersasque
268 1286 424 1371 parietem
446 1287 622 1369 collapsum
643 1282 774 1350 inuenit.
810 1282 885 1350 Alia
907 1282 1021 1350 similis
1046 1284 1226 1367 argumenti

81 1388 184 1454 fabula
201 1393 307 1454 exstat
321 1387 434 1456 Neuel.
449 1409 481 1472 p.
498 1390 558 1451 344
583 1383 758 1470 (Aphthon.
774 1383 795 1452 f.
813 1387 864 1468 28,
886 1384 919 1451 O.
936 1407 966 1470 p.
983 1389 1055 1469 303,
1078 1386 1116 1450 H.
1135 1386 1225 1471 120):

81 1489 215 1571 agricola
238 1489 380 1569 aquilam
402 1492 550 1573 serpente
575 1487 845 1572 circumplicatam
872 1485 1001 1571 liberat,
1033 1487 1133 1554 iratus
1160 1508 1224 1554 ser-

81 1611 153 1676 peus
167 1609 325 1657 uenenum
347 1588 489 1655 immittit
508 1590 542 1654 in
564 1594 675 1673 potum
696 1589 774 1672 eius,
796 1586 855 1655 sed
878 1589 1016 1656 bibituro
1038 1589 1147 1671 aquila
1168 1588 1224 1655 ad-

79 1696 186 1760 uolans
202 1713 219 1758 c
235 1691 381 1758 manibus
397 1691 529 1757 calicem
545 1691 673 1758 decutit.
707 1690 800 1756 Hanc
816 1693 950 1757 formam
973 1692 1119 1775 quamuis
1141 1692 1224 1759 lace-

78 1816 140 1862 ram
162 1793 370 1860 uetustiorem
394 1812 464 1860 esse
491 1792 656 1876 magisque
683 1792 870 1877 popularem
896 1793 1066 1877 probabile
1096 1800 1144 1860 est
1171 1795 1225 1861 uel

77 1901 202 1981 propter
223 1893 364 1978 aquilam
389 1914 460 1960 cum
482 1901 630 1980 serpente
648 1899 861 1978 pugnantemz'
883 1895 922 1961 cf.
938 1893 1069 1962 Aristot.
1084 1895 1157 1962 hist.
1173 1915 1224 1962 an.

77 1998 128 2082 IX,
148 2003 196 2063 10.
226 1996 306 2062 Plin.
327 2017 356 2062 n.
373 1995 403 2064 h.
419 1995 461 2079 X,
480 2000 527 2060 ll.
556 1996 671 2062 Athen.
694 1995 751 2076 IX,
768 1998 839 2061 393.
869 1995 940 2062 Ael.
962 2001 1027 2062 nat.
1050 2019 1100 2064 an.
1116 1997 1157 2081 Π,
1174 2001 1224 2062 26.

77 2100 119 2182 X,
138 2103 192 2182 ¹43
221 2097 302 2162 Plin.
323 2120 354 2163 n.
377 2097 409 2163 h.
428 2098 562 2181 XXXV,
585 2101 625 2162 28
654 2095 778 2180 (aquila
806 2095 977 2164 draconem
1008 2099 1176 2184 complexa
1205 2120 1226 2166 a

75 2198 262 2265 Philoohare
284 2197 401 2284 picta),
430 2199 586 2285 Stephani
609 2198 731 2284 Compt.
753 2196 841 2266 rond.
863 2201 953 2283 1865,
975 2220 1005 2284 p.
1022 2203 1063 2264 99
1087 2198 1142 2284 (de
1164 2203 1225 2268 fre·

76 2301 288 2383 quentissimis
303 2301 434 2386 picturis
457 2301 643 2369 uasculariis
664 2301 865 2385 mammisque
887 2301 1001 2368 similis
1023 2302 1225 2389 argumenti).

76 2402 139 2469 Sed
155 2402 327 2469 discrimen
341 2402 428 2485 lacit,
447 2402 533 2487 quod
548 2404 662 2496 eadem
677 2403 817 2470 narratio
831 2404 928 2488 plane
943 2404 1068 2488 integra
1083 2423 1124 2468 ex
1139 2405 1225 2474 fonte

12 2529 14 2600 g
76 2504 291 2570 Alexandrino
313 2503 429 2571 hausta
453 2511 559 2573 exstat
579 2503 666 2589 apud
680 2504 850 2570 Aelianum
872 2512 936 2572 nat.
953 2505 1122 2589 an.,XVIl,
1138 2510 1178 2571 37
1190 2507 1225 2591 ²),

12 2609 13 2690 j
76 2607 161 2673 ouius
182 2606 216 2673 in
237 2603 300 2672 fine
322 2604 403 2672 haec
425 2613 512 2673 sunl:
535 2611 642 2692 Λέγει
657 2605 693 2670 δὲ
709 2603 844 2691 Κράτης
866 2599 883 2669 ὁ
901 2603 1119 2694 Περγαμηνὸς
1140 2603 1225 2694 ὑπὲρ

12 2709 13 2754 3
74 2706 199 2772 τούτων
220 2708 275 2772 καὶ
301 2705 358 2772 τὸν
381 2713 581 2795 Στησίχορον
609 2702 701 2795 ᾄδειν
731 2704 765 2772 ἕν
793 2731 862 2772 τινι
891 2705 1058 2795 ποιήματι
1086 2702 1144 2773 οὐκ
1172 2707 1224 2775 ἐκ·

75 2806 275 2896 postquami
295 2833 363 2874 που
386 2808 434 2886 εἷς
455 2807 602 2886 πολλοὺς
624 2811 691 2875 κτλ.
721 2809 771 2893 (fr.
790 2812 831 2874 66
854 2809 971 2894 Bergk.
993 2812 1068 2896 lyrr.
1089 2831 1120 2895 p.
1136 2810 1223 2897 992).

75 2910 132 2976 Oui
154 2911 353 2994 testimonio,
385 2931 447 2994 quo
471 2930 566 2993 quam
588 2918 681 2979 uetus
702 2913 784 2980 haec
806 2913 946 2979 fabellae
969 2913 1010 2979 sit
1031 2912 1134 2979 forma
1154 2933 1223 2997 per·
1317 2997 1320 3002 Ι

74 3012 214 3097 spicitur,
229 3033 284 3080 cur
299 3013 396 3081 fidem
411 3011 602 3099 derogemus
617 3035 688 3081 cum
699 3015 869 3081 Welckero
885 3015 928 3080 kl.
942 3014 1046 3080 Schrr.
1058 3017 1075 3080 I
1089 3036 1119 3099 p.
1133 3014 1225 3100 213³)

74 3119 105 3180 ct
119 3115 329 3201 Bernhardyo
344 3116 365 3182 l.
379 3133 404 3181 s.
415 3134 442 3180 s.
454 3135 485 3199 p.
498 3119 560 3180 786
574 3121 654 3182 extr.
677 3137 740 3183 non
762 3115 924 3196 intellego,
946 3115 1134 3200 praesertim
1152 3137 1224 3183 oum

73 3216 170 3282 etiam
185 3215 270 3282 aliae
294 3215 377 3283 duae
400 3216 509 3283 Babrii
532 3217 661 3283 fabulae
683 3215 736 3297 (cf.
752 3215 845 3282 huius
860 3215 1086 3299 disputationis
1099 3237 1130 3302 p.
1148 3217 1223 3304 141)

160 3374 183 3434 1)
200 3367 278 3424 Bodl.
297 3370 325 3420 ot
340 3365 427 3420 Paris.
446 3365 481 3421 ad
498 3367 613 3423 eundem
631 3366 808 3436 archetypum
824 3365 951 3421 uidentur
968 3366 1064 3422 redire.

158 3455 184 3519 1)
201 3452 246 3506 Ex
263 3450 378 3506 Aeliano
395 3465 455 3506 eam
472 3451 613 3521 repetiisse
630 3450 738 3506 uidetur
756 3451 869 3506 Taetzes
883 3451 950 3506 Chil.
960 3451 1008 3520 lV,
1018 3457 1067 3508 302
1077 3469 1134 3523 sqq.
1152 3454 1224 3510 sicut

71 3535 126 3590 alia
151 3538 250 3592 multa:
276 3549 361 3604 quare
378 3534 481 3590 nullum
498 3535 582 3592 habet
599 3541 777 3602 momentum,
800 3537 872 3605 quod
889 3535 1037 3592 Stesichori
1054 3553 1152 3593 nomen
1169 3553 1223 3592 non

71 3620 158 3676 addit.
200 3620 283 3691 Apud
304 3619 447 3674 helianum
476 3621 548 3690 quod
576 3637 627 3691 pro
656 3620 780 3676 codicum
801 3617 935 3675 thama
956 3621 1083 3676 Reiskius
1108 3621 1224 3677 coniecit

72 3698 197 3772 ἀμῶντεε
214 3722 246 3761 66
265 3703 441 3760 confirmatur
458 3706 531 3773 quod
549 3705 661 3761 Tuetaes
679 3709 766 3760 u.302
785 3703 919 3778 θεριστὴν
936 3705 1027 3758 habet.

159 3794 185 3858 3)
202 3791 291 3846 Dicit:
310 3783 364 3843 ‘Sic
380 3789 418 3842 ist
434 3789 487 3844 viel
503 3806 538 3844 au
551 3789 667 3858 gesucht
676 3790 734 3844 und
746 3790 900 3858 gehtnstelt
909 3827 931 3843 ..
943 3827 949 3841 .
959 3805 1005 3842 um
1017 3787 1092 3842 nicht
1103 3789 1223 3857 sogleioh

71 3873 212 3930 Verdacht
229 3875 277 3930 der
294 3873 477 3929 Untchtheit.
490 3915 496 3930 .
507 3890 558 3930 .nu
576 3869 714 3944 schopfen’
734 3906 768 3912 —
786 3878 815 3928 at
832 3876 941 3942 praeter
962 3872 1138 3942 sophisticam
1156 3889 1220 3930 uar-

43 4021 53 4042 .
70 3958 153 4012 randi
163 3959 305 4025 rationem,
318 3973 387 4028 quae
399 3958 512 4014 Aeliano
525 3958 645 4026 debetur,
658 3958 797 4013 artificiosi
808 3956 876 4011 nihil
886 3956 915 4010 iu
929 3971 961 4011 ea
972 3956 1097 4025 reperies.
1127 3957 1224 4028 Neque

70 4038 194 4108 ipsorum
205 4043 313 4099 Aeliani
331 4044 376 4098 uel
388 4042 505 4098 Cratetis
522 4042 601 4098 fidem
617 4043 677 4098 iure
693 4044 722 4098 in
741 4041 922 4112 suspicionem
934 4056 995 4097 enm
1006 4056 1121 4098 neccsse
1133 4044 1223 4102 credo.

970 4144 1018 4198 lt*
