2934 4690
668 292 731 347 Otto
751 292 862 347 Crusius

363 465 422 552 τὴν
444 467 557 555 κέρκον
581 457 673 550 δίψος
695 466 751 530 καί
774 465 864 531 λίνον
886 490 919 530 τι
942 462 1137 551 προσδήσας
1148 464 1171 548 1)

365 562 472 656 ἀφῆκε
494 565 637 688 φεύγειν.
681 564 740 655 τὴν
723 559 794 632 νδ>
821 565 1008 644 ἐπίσκοπος
1035 565 1091 632 δαί
1079 571 1163 649 ίμων

318 685 332 735 5
365 668 399 749 ἐς
422 669 481 748 τὰς
504 663 647 758 ἀρούρας
669 673 728 734 τοῦ
749 668 932 753 βλαβόντος
942 668 967 753 ²)
990 664 1111 758 ιδδήγει

363 771 400 839 τδ
424 775 491 859 πῦρ
515 776 692 860 φέρουσαν.
738 769 776 858 ην
800 771 835 836 δὲ
858 773 913 859 ληί
915 796 960 837 ιον
983 763 1051 859 οίρη

365 877 420 942 καί
443 875 540 940 καλλί
528 880 623 951 ίπαις
646 867 771 962 δμητος
755 871 940 939 ἐλπίδων
962 873 1100 962 πλήρης.

366 975 384 1043 δ
409 969 439 1042 δ’
464 969 644 1066 ἠκολούθει
664 973 723 1042 τδν
745 974 851 1041 πολὺν
873 974 979 1042 κόπον
1001 977 1134 1057 κλαίων,
1225 1048 1229 1055 ,

367 1072 440 1146 οὔδ’
468 1075 554 1146 εἶδεν
577 1073 677 1144 abror]
699 1076 759 1167 την
784 1070 877 1143 δίλοια
899 1078 1071 1167 Δημήτηρ.
1121 1117 1122 1120 ¹

192 1184 343 1267 Aliquam
372 1184 486 1249 saltem
516 1183 615 1248 habet
643 1182 904 1267 probabilitatem
935 1202 976 1248 ex
1006 1180 1118 1249 eodem
1144 1181 1248 1266 fonte,
1279 1201 1349 1266 quo

194 1285 302 1353 Ouidii
323 1286 390 1368 illa,
412 1285 554 1352 fabulam
569 1283 678 1350 Babrii
696 1283 835 1351 fluxisse.
873 1285 956 1351 Nam
972 1284 1184 1352 immotissima
1199 1283 1240 1350 de
1260 1283 1347 1350 Sim-

193 1409 272 1456 sone
293 1388 475 1455 narratione
497 1388 565 1454 lud
589 1406 615 1452 υ.
642 1393 695 1470 15,
725 1407 820 1470 quam
842 1387 927 1454 Roth
892 1384 1173 1466 tLandsberger
1194 1385 1350 1468 Hartung

193 1491 304 1558 Keller
326 1489 379 1574 (ei.
394 1512 425 1575 p
445 1494 503 1555 146
519 1488 582 1575 sq.)
606 1489 698 1556 huius
720 1490 849 1556 fabulae
874 1489 1117 1556 fundamentum
1141 1507 1210 1555 esse
1233 1489 1345 1571 uolue-¹

193 1600 280 1677 runt,
310 1613 380 1659 eum
403 1591 559 1659 Simeonis
587 1591 752 1659 eonsilium
780 1595 876 1679 plane
904 1590 1064 1656 aliudt
1015 1597 1064 1658 est
1085 1597 1182 1673 atque
1203 1567 1348 1659 huminis¹

194 1695 344 1761 Babriani
360 1692 585 1779 Ouidianique,
608 1699 674 1761 tum
697 1696 801 1762 exitus
824 1700 872 1760 est
895 1693 1125 1777 eontrarius3):
1152 1693 1266 1760 eodem
1288 1695 1346 1760 uel

194 1798 290 1865 etiam
312 1796 433 1863 maiore
454 1796 523 1861 iure
546 1816 627 1879 quae
649 1796 922 1864 Pseudolueianus
948 1801 1057 1862 narrat
1077 1796 1166 1862 Asin.
1186 1794 1263 1881 314)
1284 1817 1346 1882 pru

193 1902 280 1966 fonte
309 1899 448 1965 fabellae
470 1899 651 1967 Babrianae
676 1898 818 1967 uendere
839 1898 951 1984 possis.
996 1898 1145 1965 Ceterum
1166 1897 1346 1972 notandum

194 2007 243 2068 est
270 2001 353 2067 hane
380 2001 433 2067 uel
462 2001 598 2068 similem
628 2002 696 2069 eius
722 2001 864 2069 fabulam
886 1998 1052 2066 Aliredum
1076 1999 1116 2067 de
1139 2000 1346 2084 anematis,

194 2102 248 2186 qui
279 2102 408 2185 quidem
435 2104 572 2170 fabellas
595 2103 785 2188 mythosque
812 2103 950 2169 omnium
973 2105 1039 2169 fere
1060 2103 1250 2187 populorum
1272 2123 1345 2187 per-

193 2287 254 2325 eum
271 2271 359 2340 ipsam
375 2270 448 2324 illam
465 2271 602 2325 notionem
618 2270 718 2325 habeat
730 2267 811 2334 ξυνὸς,
831 2269 864 2323 cf.
874 2269 1093 2324 Pseudo-Timon
1105 2287 1135 2322 π.
1145 2273 1231 2339 ψυχᾶς
1243 2268 1347 2339 κόσμου

192 2373 219 2425 p.
235 2360 283 2409 104
301 2355 336 2409 D.
359 2355 434 2417 ξέναι
451 2360 581 2424 τιμωρίαι
599 2355 702 2420 (Rubrii
720 2357 792 2422 οἰκίη
811 2355 914 2424 etipsa
932 2343 988 2408 fere
1009 2343 1051 2409 esi
1068 2374 1138 2422 τιμ.,
1163 2354 1197 2410 cf.
1216 2355 1235 2408 f.
1250 2359 1292 2421 93,
1308 2361 1345 2424 3),

192 2440 260 2495 Luc.
275 2439 353 2497 Char.
374 2445 402 2494 13
422 2439 683 2512 ξένον...πρᾶγμα;
709 2442 851 2509 praeterea
867 2439 1019 2494 Anth.Pal.
1029 2439 1063 2505 V,
1075 2444 1108 2493 46
1129 2439 1271 2508 ipsumque
1288 2441 1346 2495 Ba-

192 2524 280 2580 brium
297 2523 450 2580 Eberhardi
468 2523 483 2577 f.
498 2528 554 2590 140,
565 2531 588 2578 5.

282 2613 304 2675 1)
322 2609 422 2663 Mirum
440 2615 481 2663 est
499 2609 570 2677 quud
589 2609 675 2664 cauda
693 2610 768 2679 prius
792 2610 958 2676 incenditur,
977 2625 1056 2678 quam
1075 2614 1175 2679 stuppa
1193 2611 1218 2664 ei
1235 2626 1347 2665 annexa

161 2755 163 2758 ,
193 2695 238 2749 sit.
271 2692 369 2748 Melius
388 2702 414 2748 et
433 2693 538 2762 plenius
555 2694 730 2762 paraphrasis
749 2694 897 2750 Bodleiana
914 2695 932 2748 f.
951 2699 966 2747 9
984 2695 1037 2748 Kn.
1057 2699 1099 2758 (=
1112 2694 1141 2749 0.
1158 2711 1184 2764 p.
1199 2699 1241 2761 99,
1259 2696 1345 2750 Babr.

191 2779 262 2836 Ebh.
272 2796 299 2848 p.
311 2783 355 2844 97)
373 2778 494 2832 exhibet:
514 2783 652 2833 στυππεῖα
670 2777 752 2846 ἐλαίῳ
769 2785 938 2852 βεβρεγμένα
955 2783 988 2853 τῇ
1005 2776 1071 2851 οὐρᾷ
1084 2777 1239 2851 προσδήσας
1250 2776 1346 2850 ὑφῆψε

192 2871 220 2920 et
237 2862 360 2918 Parisina
379 2865 407 2918 (ί.
423 2880 449 2932 p.
467 2867 531 2919 352:
554 2867 705 2917 στυππεῖον
724 2862 806 2931 ἐλαίῳ
825 2871 969 2933 βαπτίσας,
986 2866 1020 2937 τῇ
1039 2869 1125 2934 κίρκῳ
1143 2861 1243 2931 ταύτης
1260 2885 1345 2936 πρου-

192 2947 275 3016 δήοας
292 2945 383 3019 ὑφῆψε
401 2954 479 3020 nupt:
498 2949 569 3003 unde
587 2950 705 3018 suspicio
724 2950 854 3017 oboritur,
873 2965 1003 3004 uersum
1023 2950 1117 3004 illum
1135 2965 1152 3004 a
1170 2950 1346 3006 diasceuasta

193 3051 208 3090 ε
227 3035 364 3091 duobus
382 3037 597 3089 contractum
616 3049 682 3089 esse.

278 3126 303 3184 2)
322 3118 480 3196 Βλαβίντος
502 3125 544 3174 est
565 3119 671 3188 egregia
691 3119 820 3176 Ahrentis
839 3120 971 3176 correctio
988 3120 1048 3174 iure
1065 3119 1100 3174 ab
1119 3119 1281 3175 Eberhardo
1298 3135 1345 3175 re-

194 3210 281 3274 cepta,
298 3220 348 3274 pro
368 3221 421 3274 qua
438 3205 531 3260 Nabar
548 3205 565 3259 l.
576 3221 597 3260 s.
609 3219 629 3259 s.
639 3221 666 3273 p.
677 3209 725 3258 421
744 3205 867 3274 flagitare
885 3222 939 3261 non
957 3204 1073 3260 debebat
1091 3204 1183 3259 Orellii
1201 3201 1344 3274 λαβόντος.

279 3291 304 3355 3)
321 3288 397 3343 idem
415 3291 488 3345 ualet
507 3289 540 3344 de
556 3289 650 3345 fabula
667 3289 758 3346 Harl
769 3290 843 3344 =F.
854 3295 901 3344 221
922 3291 957 3346 ab
970 3290 1126 3359 Aphthoniu
1144 3289 1188 3344 uel
1207 3292 1259 3346 alio
1275 3308 1344 3360 quu-

192 3373 254 3429 dam
267 3373 398 3442 ‘sophista
421 3374 558 3440 confecta,
580 3375 633 3430 nisi
655 3375 726 3446 quod
748 3375 854 3430 initium
876 3375 969 3444 paullo
987 3376 1101 3444 propius
1118 3375 1196 3430 abest
1213 3390 1230 3430 a
1246 3390 1344 3429 narra-

191 3460 264 3515 tione
281 3457 402 3514 Iudaica.

278 3551 303 3609 l)
320 3539 396 3596 Ἐπεί
414 3539 446 3596 δέ
461 3562 529 3597 ποτε
546 3541 621 3608 ἅπαξ
639 3541 688 3609 λὰξ
705 3549 825 3610 ίκίνησα,
842 3543 913 3609 εἶχεν
930 3539 972 3595 ἀεὶ
989 3547 1071 3598 τοῦτο
1088 3543 1120 3598 τδ
1139 3543 1188 3608 λὰξ
1200 3546 1230 3598 ἐν
1241 3539 1344 3616 μνήμη.

192 3636 239 3684 καί
262 3649 331 3686 ποτε
354 3626 490 3681 τελείεται
513 3633 665 3683 στυππεῖον
689 3629 718 3692 ἐξ
742 3629 832 3702 ἑτέρου
854 3634 954 3702 χωρίου
976 3630 1013 3682 εἰς
1036 3633 1129 3699 ἕτερον
1149 3635 1250 3700 χωρίον
1266 3649 1343 3697 μετε-

192 3720 310 3789 νεγκεῖν·
335 3720 446 3782 κομίσας
467 3706 515 3766 οὗν
532 3733 565 3782 με
583 3719 628 3766 καί
645 3710 678 3765 τδ
696 3717 847 3767 στυππεῖον
863 3713 896 3765 τὸ
914 3710 983 3766 πολδ
1002 3713 1173 3786 συνενεγκών
1194 3709 1344 3780 κατέδησεν

192 3797 237 3854 ἐπ’
258 3803 349 3869 ἐμὲ..
366 3801 448 3852 ,ἐπεὶ
466 3795 497 3851 δὲ
514 3803 640 3871 προϊέναι
661 3794 758 3851 λοιπδν
775 3793 843 3862 ἔδει,
862 3801 891 3849 ia
909 3798 956 3863 τῆς
973 3798 1064 3852 ἑστίας
1081 3797 1182 3870 κλέψας
1200 3795 1284 3852 δαλὸν
1301 3801 1344 3850 ἔτι

192 3882 313 3956 θερμόν,
336 3881 430 3951 ἐπειδη
453 3883 549 3958 πόρρω
571 3886 618 3949 τῆς
641 3877 720 3948 αδλῆς
742 3881 910 3953 ἐγινόμεθα,
934 3879 966 3935 τδ
988 3878 1072 3936 δαλὸν
1092 3886 1240 3954 ἐνεκρυψεν
1257 3883 1293 3935 εἰς
1310 3880 1342 3935 τὸ

192 3975 350 4024 στυππειον.
385 3971 417 4024 τὸ
435 3967 515 4024 δὲ..
535 3961 675 4021 .ιδθδς’
660 3986 824 4034 aeramnae,
845 3971 891 4018 καὶ
912 3965 1009 4021 λοιπὸν
1029 3965 1110 4022 οὐδὲν
1126 3970 1225 4040 ἔφερον
1243 3965 1342 4022 ἄλλοί

192 4055 247 4124 ντῦρ
264 4052 383 4109 ἄπλετον
401 4053 458 4108 κτλ.
