2938 4688
508 367 541 422 de
558 366 652 423 Babrii
669 371 766 422 aetate.
1154 365 1213 426 139

62 539 253 622 Schwalbe,
282 536 339 605 der
362 538 424 622 eie,
455 538 507 606 die
529 539 720 624 Athenariu,
744 538 802 606 der
823 539 1045 624 Syhophantie
1068 539 1212 607 beschul·

62 643 143 729 digt,
167 693 174 709 .
199 696 206 711 .
231 693 238 708 .
259 642 331 709 sind
354 663 392 710 nu
415 663 477 728 eng
498 643 556 708 mit
578 641 634 708 der
658 642 813 710 formalen
834 642 1047 728 Behurrdlung
1068 643 1125 711 des
1151 643 1212 711 Ge·

63 745 189 812 dichtes
212 745 429 829 verwuchsen‚
451 747 500 812 als
524 743 599 812 dass
621 744 669 811 sie
685 795 692 810 .
710 795 715 810 .
733 796 739 810 .
756 744 855 810 durch
875 743 927 811 die
950 745 1213 814 Herdhernahme

62 847 121 915 des
149 848 363 915 Fabelstoffes
392 848 512 915 erkl‘atrt
538 846 669 914 werden
696 847 835 913 hdnnten
858 897 864 913 .
889 897 927 912 ..
973 847 1051 915 Hier
1079 849 1213 916 hundelt

63 972 99 1017 es
122 950 190 1016 sich
213 950 312 1016 sehon
335 970 387 1015 um
411 951 553 1017 einzelne
566 951 716 1033 ,Wdrterp
744 950 796 1017 die
826 949 882 1017 der
904 950 1058 1035 populare
1079 951 1213 1018 Dichter

62 1051 189 1139 (petitio
219 1059 267 1120 est
294 1052 456 1139 principii)
483 1052 671 1136 abgestreift
698 1052 803 1120 haben
825 1043 989 1137 wurue²¹).
1033 1053 1078 1119 Ut
1099 1052 1212 1119 ultima

62 1157 143 1225 hace
171 1156 343 1222 concedam
372 1191 413 1202 —
443 1173 636 1240 quemquam
669 1156 799 1222 minime
831 1160 904 1222 suut
936 1155 1140 1223 concedenda
1169 1191 1211 1202 --

61 1259 148 1326 unde
169 1259 230 1326 scit
252 1257 327 1335 ἴλας
343 1259 421 1326 istas
437 1259 764 1326 Lacedaemoniorum
774 1257 800 1342 ἴ)
815 1257 936 1324 fuisse?
972 1258 1104 1325 Constat
1118 1258 1208 1326 nimi-

61 1383 131 1429 rum
162 1360 237 1438 ἴλας
265 1362 351 1428 omui
379 1369 486 1428 aetate
514 1361 555 1426 ab
585 1360 731 1428 omnibus
761 1361 892 1428 Graecis
927 1360 968 1428 de
1003 1362 1139 1429 militnm
1169 1399 1209 1408 —

62 1466 159 1532 etiam
187 1464 417 1530 Romanorum:
447 1467 486 1530 cf.
508 1463 681 1530 Herodian.
703 1465 793 1548 VIII,
818 1471 850 1546 t,
874 1467 892 1529 3
917 1465 1116 1531 —cateruis
1145 1465 1209 1534 dic·

16 1583 21 1590 ·
61 1575 111 1635 tas
140 1568 257 1649 esaei).
301 1565 427 1633 Deinde
456 1579 674 1654 συκοφαντεῖν
705 1566 903 1648 quidemst,
934 1567 1073 1634 Graecos
1095 1569 1209 1633 Roma·
1300 1585 1305 1596 ¹

61 1690 182 1752 nosque
210 1690 334 1752 omnes,
364 1669 416 1734 uel
445 1668 680 1736 recentissimos
706 1669 903 1736 intellexisse
932 1690 973 1736 ex
1004 1668 1114 1737 lexicis
1143 1691 1209 1737 ma·

61 1773 211 1839 nualibus
234 1772 384 1855 colligere
407 1776 545 1855 poterat:
575 1790 678 1853 neque
700 1772 797 1854 igitur
817 1771 878 1838 fuit
900 1791 1012 1856 causa,
1037 1792 1092 1838 cur
1113 1777 1209 1857 poeta

62 1874 208 1956 quamuis
230 1873 374 1940 nouioius
397 1874 494 1940 uerbo
517 1874 573 1940 illo
595 1894 658 1942 non
681 1881 835 1958 uteretur;
865 1874 1075 1942 Athenienses
1101 1882 1209 1943 autem

61 1982 189 2062 propter
210 1975 311 2042 litium
335 1974 543 2060 cupiditatem
566 1983 736 2062 carpuntur
760 1978 813 2043 uel
836 1977 922 2062 apud
946 1977 1120 2044 Luciauum
1141 1979 1207 2044 Ica-

61 2099 178 2146 romen.
205 2083 253 2144 te.
297 2078 384 2146 Nihil
416 2078 512 2162 igitur
539 2078 620 2145 haec
647 2079 753 2146 omnia
782 2080 898 2146 ualent.
944 2080 1057 2162 Neque
1080 2080 1209 2146 maioris

61 2187 133 2248 sunt
159 2181 253 2268 pretii
282 2203 365 2267 quae
392 2181 433 2248 de
457 2181 553 2267 Syria
573 2183 682 2250 Babrii
709 2183 814 2269 patria
836 2182 1062 2268 Hertzbergius
1089 2185 1210 2267 profert

59 2305 90 2369 p.
106 2289 164 2350 184
176 2302 234 2367 sq,
258 2284 399 2369 opinioni
413 2285 461 2350 illi
475 2285 717 2352 fundamentum
735 2286 978 2370 substructurus,
999 2306 1038 2351 ex
1055 2304 1118 2367 qua
1133 2285 1205 2352 Ale-

59 2387 183 2454 xander
211 2387 365 2472 prooemii
393 2388 424 2452 ll
462 2395 510 2455 est
537 2389 636 2455 Belus
667 2387 780 2475 Syriae
808 2407 874 2454 rex.
926 2389 1010 2454 Nam
1038 2395 1207 2473 postquam

59 2488 294 2556 Schneidewiui
328 2509 466 2558 errorem
499 2511 596 2576 supra
629 2497 909 2558 commemoratum
937 2490 1079 2576 repetiit,
1113 2491 1208 2558 utiles
1285 2489 1287 2492 ’

60 2591 215 2674 quasdam
242 2590 278 2659 0.
307 2591 495 2661 Schneideri
523 2600 555 2661 et
584 2593 617 2661 Ο.
641 2595 676 2660 F.
704 2593 877 2659 Hermanni
905 2593 1143 2661 obseruationes
1175 2594 1207 2661 in

59 2713 151 2759 usum
174 2713 265 2760 suum
288 2694 437 2762 detorsit:
466 2698 567 2762 multa
588 2697 740 2763 Babrium
762 2715 833 2762 cum
855 2695 1009 2780 Iudaicis,
1039 2696 1092 2782 qui
1115 2698 1207 2764 LXX

30 2885 33 2889 Ι
59 2801 90 2862 et
104 2797 144 2863 N.
161 2796 199 2862 Τ.
215 2798 457 2883 composuerint,
480 2799 686 2885 scriptoribus
709 2798 887 2865 eommunia
902 2800 1021 2866 hahere
1043 2835 1085 2844 -—
1111 2804 1145 2864 at
1167 2821 1207 2867 ea

58 2897 124 2964 fere
146 2899 252 2965 omnia
274 2900 305 2966 in
328 2903 421 2987 κοινῇ
444 2902 539 2969 etiam
562 2902 678 2969 aetatis
701 2901 884 2986 posterioris
900 2903 1035 2970 inueniri
1051 2923 1091 2969 ex
1107 2902 1203 2970 Eber-

58 2999 151 3066 hardi
179 2989 456 3070 obseruationibus
485 3026 516 3090 p.
542 3009 675 3070 14-21
707 3009 740 3070 et
767 3003 957 3072 Zachariaci
983 3004 1206 3073 dissertatione

57 3122 87 3186 p.
111 3106 228 3168 6-16
256 3105 439 3190 intellegam
469 3107 625 3174 Venerem
653 3128 741 3174 more
763 3107 907 3174 Asiatico
933 3105 1062 3188 λύχνοις
1088 3107 1205 3174 oblatis

57 3204 119 3271 coli
140 3204 262 3287 (Herm.
286 3210 306 3273 l.
328 3227 352 3273 e.
375 3227 400 3274 s.
423 3229 453 3294 p.
474 3211 549 3294 808)
573 3245 614 3254 -
637 3216 671 3274 at
694 3210 842 3295 exempla
867 3209 959 3276 huius
982 3209 1061 3277 ritus
1082 3209 1206 3280 Asiana

55 3309 257 3375 Hermannus
280 3313 406 3377 omnino
429 3331 491 3376 non
513 3310 659 3396 protulit,
686 3312 798 3379 ltalica
819 3317 928 3378 autem
949 3313 1102 3379 nonnulla
1123 3315 1205 3380 infra

55 3410 217 3496 inuenies;
237 3414 414 3481 eunuchum
429 3412 639 3481 sacrificulum
656 3416 870 3483 consulentem
887 3408 1007 3502 optime
1022 3436 1094 3482 cum
1110 3415 1204 3502 Syria

141 3565 167 3628 t)
183 3561 259 3617 Haeo
277 3564 367 3618 omnia
384 3564 492 3633 repetiit
510 3563 619 3618 Heoker
636 3564 653 3620 l.
664 3580 685 3618 s.
697 3581 744 3634 ep
764 3570 812 3621 489
822 3582 862 3634 sq.

141 3650 167 3711 λ)
185 3647 333 3702 Puerorum
357 3650 525 3718 potissimum
547 3651 598 3706 hae
622 3650 744 3718 fuerunt,
768 3651 859 3720 itaque
883 3651 990 3706 minime
1013 3653 1146 3722 quadrant
1168 3651 1202 3704 ad

52 3733 169 3786 murium
192 3733 388 3788 exercitum.

140 3821 165 3884 3)
183 3817 267 3886 Quid,
292 3819 363 3888 quod
386 3835 419 3874 ne
437 3821 572 3890 scriptura
590 3821 694 3890 quidem
714 3827 788 3876 certa
805 3827 859 3888 est,
884 3838 945 3877 cum
964 3821 1059 3876 Suidas
1077 3838 1127 3890 pro
1145 3818 1203 3874 ἴλας

51 3903 182 3972 praebeat
200 3901 337 3976 φρήτραελ
364 3903 443 3972 Quod
461 3922 521 3961 cum
539 3905 610 3960 sicut
627 3905 753 3961 uniuersa
771 3905 865 3961 fabula
876 3923 909 3962 ex
922 3907 1032 3962 Homeri
1044 3914 1069 3959 Β
1081 3911 1130 3962 363
1143 3921 1199 3976 sqq.

51 3988 145 4043 fictum
165 3988 200 4041 sit
218 3993 289 4054 (nam
309 3987 417 4061 ppiflpa
433 3989 486 4044 huo
503 3992 611 4046 notione
624 3991 659 4045 ab
671 3991 772 4046 Atticis
787 4007 841 4047 non
860 3992 965 4057 dieitur,
983 3991 1012 4046 in
1030 4008 1083 4062 quo
1102 3992 1202 4047 errauit

51 4073 219 4129 Schneidew.
228 4073 245 4127 l.
255 4091 276 4129 s.
288 4089 308 4128 s.
319 4090 347 4143 p.
362 4080 401 4141 15,
413 4075 521 4131 Hertzh.
531 4092 557 4144 p.
570 4080 625 4144 182,
637 4077 707 4132 Kell.
719 4095 746 4147 p.
758 4080 826 4143 360),
839 4093 904 4132 uere
915 4077 1082 4133 Rubrianum
1095 4079 1202 4134 uidetur

49 4161 79 4214 in
97 4163 123 4213 A
140 4156 199 4212 illac
215 4157 376 4227 glossemate
394 4175 560 4229 oppressum.
