2938 4688
224 293 286 356 164
705 294 768 348 Otto
786 293 898 350 drusius

309 469 456 536 Tandem
485 465 658 550 aliquando
688 483 729 530 ex
757 466 807 532 his
831 467 1059 534 sententiarum
1081 467 1258 533 alienarum
1280 467 1376 550 quasi

220 571 371 649 fluctibus
387 569 592 656 emergimus:
615 566 680 634 iam
696 567 847 652 quidnam
871 568 933 653 ipsi
954 567 998 634 ad
1019 568 1129 635 Babrii
1145 575 1286 636 aetatem
1306 590 1376 637 cer·

223 674 357 744 tioribus
379 673 495 741 finibus
518 668 837 738 circumscribendam
860 672 1004 738 conferre
1019 670 1178 756 possimus
1194 672 1375 740 uideamus.

223 778 364 844 Primum
385 781 492 844 autem
515 795 556 842 cx
578 790 642 855 qua
663 773 792 840 natione
815 778 902 846 ortus
932 773 974 840 sit
1001 780 1099 858 poeta
1120 781 1155 840 ut
1176 775 1375 856 inquiramus

223 899 274 947 res
295 879 444 964 postulat.
1182 925 1191 933 .

307 979 401 1048 Metui
427 977 581 1047 Babriani
611 977 789 1063 proprietas
822 977 961 1045 maxime
994 977 1147 1046 notabilis
1175 979 1376 1064 paenultima

223 1088 272 1151 ast
299 1087 431 1149 accentu
461 1082 630 1149 uerborum
659 1096 755 1161 quem
784 1078 894 1144 dicunt
923 1082 1026 1164 alata,
1061 1087 1096 1149 ut
1123 1101 1263 1166 prooem.
1292 1083 1324 1166 Ι,
1357 1087 1373 1146 1

224 1191 254 1250 Γ
252 1181 323 1271 suar}
348 1183 485 1249 δικαίων
507 1169 547 1270 ἦν
568 1179 605 1248 τὸ
630 1183 764 1269 πρῶτον
789 1172 992 1268 ἀνθρώπων,
1016 1183 1080 1250 fab.
1104 1187 1187 1267 23,7
1213 1181 1377 1272 δυστυχὴς

224 1279 255 1354 δ’
283 1283 466 1374 scaptiam:
501 1283 606 1368 quode
632 1303 742 1352 omnes
765 1284 882 1366 ubique
904 1285 1016 1352 Babrii
1044 1285 1148 1352 fontes
1171 1287 1377 1354 consentiunt

222 1394 349 1476 praeter
371 1387 579 1474 paucissimos
602 1386 722 1453 codicis
738 1386 767 1450 A
788 1387 876 1453 locos
896 1394 1007 1471 aperto
1025 1388 1077 1455 uel
1093 1394 1257 1473 corruptos
1273 1390 1325 1456 uel
1340 1388 1377 1454 in

223 1492 351 1559 breuius
367 1496 545 1556 contractos
559 1488 590 1573 ¹).
627 1489 696 1554 lam
713 1488 767 1571 qui
781 1487 902 1573 primus
924 1488 1008 1556 hanc
1029 1491 1135 1575 legem
1156 1491 1375 1576 inuestigauit,

148 1651 168 1683 β,
223 1595 262 1660 Η.
284 1593 319 1659 L.
335 1593 461 1660 Ahrens
484 1590 539 1677 (de
555 1611 634 1658 cras.
651 1596 684 1659 et
705 1590 835 1676 aphacr.
851 1612 882 1675 p.
899 1591 962 1675 31),
985 1593 1136 1677 politicae
1152 1612 1247 1674 quam
1264 1593 1376 1662 dicunt

123 1697 145 1749 ν’
222 1696 329 1782 poesis
350 1694 442 1761 initia
463 1695 496 1760 in
519 1713 557 1759 ea
580 1693 718 1779 spectari
741 1692 879 1760 censuit:
910 1712 1006 1774 quam
1028 1696 1221 1762 seutentiam
1243 1697 1376 1782 plurimi

149 1837 152 1889 3
223 1799 324 1866 secuti
346 1803 418 1864 sunt
439 1797 499 1864 uiri
514 1795 609 1880 docti,
631 1797 720 1862 uelut
737 1796 774 1862 T.
791 1797 1006 1863 Mommsenus
1018 1791 1371 1866 ‘Accentcholiamben'

150 1897 153 1959 ἑ
222 1901 338 1968 Philol.
353 1900 430 1967 XVI
451 1920 482 1983 p.
500 1902 556 1964 721
576 1916 656 1982 sqq.‚
680 1898 877 1982 Hartungius
901 1898 950 1964 ed.
972 1902 1071 1983 praei.
1087 1922 1119 1986 p.
1137 1906 1191 1984 15,
1214 1901 1374 1968 Eberhar-

223 2003 283 2072 dus
306 2002 356 2071 ed.
372 2002 472 2088 praef.
488 2021 519 2086 p.
536 2003 588 2084 lV,
611 2000 779 2086 Westphal
801 2021 847 2083 gr.
870 2001 989 2068 Metrik
1009 2003 1066 2068 112
1086 2024 1117 2088 p.
1135 2008 1176 2068 54
1188 2002 1222 2087 ²).

309 2105 374 2172 Sed
389 2104 515 2172 etiamsi
526 2102 678 2171 Babrium
695 2104 746 2170 uel
761 2104 891 2170 ineunte
906 2104 999 2170 tertio
1013 2126 1045 2190 p.
1059 2103 1130 2171 Chr.
1142 2127 1172 2171 n.
1185 2106 1315 2173 saeculo
1332 2141 1373 2151 -

138 2225 143 2250 ·=
224 2228 307 2292 quae
323 2207 436 2274 ultima
458 2213 506 2274 est
528 2213 618 2273 aetas
633 2211 764 2293 propter
779 2205 899 2271 'litiani
918 2211 950 2272 et
964 2206 1111 2274 Dosithei
1126 2207 1309 2275 testimonia
1331 2243 1374 2254 -

147 2359 151 2379 .
221 2310 366 2378 floruisse
387 2309 566 2392 statuimus,
589 2315 738 2391 quattuor
753 2313 861 2374 tamen
876 2307 1076 2376 intercedunt
1090 2311 1230 2395 saecula,
1252 2311 1286 2376 in
1304 2311 1373 2392 qui-

221 2415 281 2481 bus
303 2413 407 2479 simile
429 2412 509 2478 nihil
531 2412 564 2478 in
586 2411 676 2496 poesi
698 2410 824 2478 Graeca
845 2410 1037 2495 inueniatur;
1072 2432 1146 2478 nam
1176 2411 1263 2494 quod
1285 2412 1374 2498 apud

223 2515 370 2582 Nonnum
392 2534 490 2601 saepe
512 2519 545 2583 et
566 2515 694 2599 saepius
718 2513 815 2580 etiam
838 2511 924 2598 apud
947 2511 1128 2580 Oolluthum
1152 2524 1184 2582 et
1205 2516 1374 2583 Musaeum

221 2618 408 2687 Nonnianos
436 2615 634 2703 paenultima
662 2615 841 2682 hexametri
872 2616 1000 2700 syllaba
1029 2623 1195 2686 accentum
1224 2617 1372 2703 habet3),

221 2719 256 2788 id
279 2721 428 2787 effectum
449 2740 512 2786 non
535 2717 660 2784 uidetur
680 2712 842 2785 ‘accentus
865 2711 1082 2784 obseruantia'
1101 2755 1142 2764 -
1166 2737 1248 2802 quae
1272 2721 1371 2787 llber-

225 2821 319 2891 hardi
340 2828 389 2889 est
409 2822 568 2887 sententia
585 2821 652 2887 obs.
676 2825 743 2904 pl
767 2856 823 2902 -,
850 2819 907 2886 sed
930 2821 1002 2905 lege
1023 2821 1079 2885 illa
1101 2822 1205 2906 poetis
1232 2823 1373 2889 Nonnia-

221 2925 271 2991 nis
294 2921 452 2991 communi
473 2922 605 2990 ultimae
626 2942 737 2990 uersus
760 2922 905 3008 syllabae
927 2921 1168 3008 producendae,
1191 2944 1255 3006 qua
1276 2945 1371 2990 uoca-

223 3027 299 3094 bula
327 3031 587 3111 proparoxytona
613 3026 679 3092 fere
709 3026 815 3092 omnia
843 3045 863 3090 a
893 3043 1002 3091 uersus
1035 3025 1123 3092 exitu
1157 3028 1372 3095 excludeban-

309 3214 332 3276 1)
351 3210 392 3265 Of.
411 3210 518 3264 Ahrens
536 3209 569 3264 de
588 3226 656 3266 cras.
667 3219 694 3264 et
711 3211 822 3280 aphaer.
833 3226 859 3279 p.
870 3214 900 3264 31
913 3225 961 3279 sq.,
980 3209 1104 3266 Momms.
1114 3211 1131 3265 l.
1141 3227 1163 3266 s.
1174 3229 1196 3268 s.
1207 3229 1232 3282 p.
1244 3217 1292 3267 723
1303 3229 1372 3282 sqq„

221 3296 332 3351 Hertzb.
348 3313 375 3366 p.
391 3299 439 3349 174
449 3311 487 3364 sq.
523 3294 605 3365 Apud
623 3295 814 3352 Eberhardum
830 3295 1006 3350 inueniuntur
1025 3298 1070 3360 12,
1094 3301 1121 3350 18
1139 3313 1195 3351 non
1213 3297 1372 3354 emendatus

221 3413 254 3422 -
272 3396 395 3450 propono
413 3377 450 3448 μὴ
468 3383 544 3433 σίνου
563 3379 609 3450 (μὴ
627 3377 750 3453 κρύψῃςῖ
770 3380 886 3436 formula
904 3379 978 3448 apud
993 3379 1026 3434 B.
1044 3379 1101 3436 lere
1119 3383 1254 3438 constanti
1271 3383 1301 3438 in
1317 3384 1371 3439 hac

221 3481 316 3522 uersus
335 3464 411 3530 sede,
431 3463 467 3520 ct.
478 3469 501 3532 1,
511 3469 535 3521 5.
552 3471 576 3531 3,
586 3471 609 3520 8.
626 3471 651 3532 6,
660 3471 685 3521 9.
700 3472 724 3532 7,
735 3471 758 3519 7.
776 3469 866 3530 12,21.
883 3468 923 3532 50,
935 3470 957 3518 5.
968 3469 1009 3530 72,
1022 3471 1061 3518 17.
1073 3469 1114 3530 92,
1128 3473 1166 3520 10.
1179 3471 1247 3534 96,4
1262 3468 1318 3534 all.)
1336 3497 1371 3508 —-

220 3555 248 3607 et
265 3554 422 3618 73‚1.65‚1
442 3550 477 3605 ab
495 3551 673 3620 epitomatore
691 3550 838 3618 decurtati3
858 3549 1004 3619 epimythia
1021 3566 1076 3606 non
1094 3566 1168 3606 curo.

307 3639 333 3702 2)
350 3631 420 3688 ‘Wir
437 3635 548 3706 ludunen
566 3637 605 3691 sie
622 3635 825 3706 (proprietatem
843 3633 926 3698 illam)
946 3634 1022 3689 nicht
1039 3635 1136 3690 audens
1156 3637 1281 3692 erkliren
1299 3637 1370 3692 dcun

221 3724 261 3778 als
284 3722 343 3777 eina
362 3719 541 3787 Concessum,
562 3721 663 3777 welche
689 3721 736 3776 der
757 3721 792 3774 im
811 3719 920 3774 antikcn
939 3719 1058 3774 Menum
1076 3721 1254 3777 schreibendo
1271 3723 1370 3778 Fabel-

221 3809 327 3864 dichter
336 3805 458 3861 demnau
467 3805 706 3874 autgekommenen
715 3803 840 3874 Principe
849 3803 1067 3874 byzantinischcr
1076 3805 1261 3862 Volksmctrik
1270 3808 1369 3872 macha

221 3908 250 3949 es
267 3893 304 3948 ist
322 3891 365 3946 ein
381 3890 589 3959 merkul'urdiges
607 3888 742 3944 Denkmal
760 3889 807 3944 der
824 3887 1091 3958 Uebergangsstulc'.

306 3980 332 4042 3)
350 3975 375 4030 Ε
396 3981 444 4031 100
461 3976 556 4045 primis
568 3975 660 4030 Nonni
677 3974 802 4030 uersibus
821 3979 854 4030 22
872 3981 1014 4030 accentum
1031 3977 1059 4031 in
1076 3977 1241 4046 paenultima
1260 3977 1368 4042 habent,

221 4079 236 4119 e
254 4068 301 4120 341
321 4061 428 4116 Musaei
445 4065 503 4128 251,
522 4075 536 4115 e
555 4060 672 4116 Oolluthi
690 4063 738 4114 392
757 4060 825 4116 adso
844 4065 905 4116 314:
925 4059 959 4116 cf.
972 4061 1210 4131 libernobapt.
