2938 4688
551 368 584 422 de
602 366 695 422 Babrii
713 370 810 421 aetate.
1198 368 1255 430 161

103 562 169 610 11011
191 540 339 608 induxit?
377 541 476 606 Plane
499 539 589 624 nihil,
611 560 651 606 nc
673 538 708 605 id
724 538 864 622 quidem,
886 546 960 605 ante
977 545 1123 621 quartum
1138 563 1169 626 p.
1185 541 1258 612 Ohr.

104 667 135 712 n.
159 644 333 726 saeculum,
357 662 419 725 quo
441 641 513 709 felis
536 642 712 709 domestica
733 641 872 725 primum
898 642 1054 727 reperitur
1076 643 1109 708 in
1131 645 1259 731 Europa

105 744 225 830 (Hehn.
242 746 262 813 l.
279 766 304 813 s.
320 746 378 829 s),
408 765 479 812 eum
509 744 646 827 uixisse,
675 745 823 811 namuel
846 763 884 810 eo
907 747 1050 827 tempore
1074 748 1174 814 multo
1197 751 1258 816 ire-

105 849 289 932 qncntiores
321 852 410 916 e'rant
438 848 594 915 mustelae
624 845 831 914 domesticae:
863 845 902 912 cf.
926 845 1064 913 Palladii
1093 849 1193 917 uerba
1215 851 1257 918 ab

104 950 233 1017 Hehnio
255 971 285 1035 p.
302 954 363 1014 403
387 949 548 1034 exscripta
563 943 729 1016 ‘mustelas
752 948 873 1015 habent
893 949 1038 1034 plerique
1054 947 1258 1021 mansuetas'.

103 1054 279 1119 Praeterea
306 1058 431 1120 ueteres
458 1050 586 1118 fabulas
608 1053 772 1136 Aesopeas
801 1071 872 1116 cum
901 1051 1048 1120 uersibus
1073 1061 1259 1139 persecutus

104 1155 148 1222 sit
170 1155 308 1222 Babrius
338 1153 476 1222 hominis
504 1152 638 1220 alicuius
666 1153 798 1220 litterati
827 1153 1015 1222 collectione
1044 1156 1190 1224 adhibita
1216 1195 1258 1206 -

104 1257 139 1324 id
163 1258 250 1342 quod
269 1257 331 1343 ipsi
355 1254 618 1323 Schneidewinus
633 1255 652 1321 l.
669 1275 693 1321 s.
710 1275 735 1321 s.
753 1276 784 1340 p.
804 1261 841 1320 15
866 1262 897 1322 ct
919 1257 1030 1324 Keller
1052 1278 1083 1343 p.
1100 1262 1161 1324 384
1184 1281 1257 1329 con-

104 1361 241 1429 tendunt
261 1396 303 1405 —
326 1381 367 1428 ex
395 1357 591 1443 argumentis
618 1357 799 1425 tabularum
830 1362 862 1426 ct
883 1359 978 1426 rebus
1001 1363 1258 1432 commemoratis

104 1463 186 1529 nihil
215 1461 361 1530 concludi
388 1466 495 1547 potest
523 1459 564 1525 de
593 1465 804 1527 uetustate
833 1465 1008 1546 poetae-
1033 1483 1148 1548 nempe
1175 1485 1258 1548 quae

105 1567 238 1651 antiqua
266 1564 435 1632 uideantur
463 1583 504 1630 ex
533 1561 669 1649 pristina
697 1563 878 1630 fabularum
906 1564 1007 1630 forma
1032 1567 1178 1651 prosaica
1201 1569 1256 1635 de-

103 1674 255 1754 prompta
276 1685 347 1735 esse
368 1671 501 1751 possunt
523 1703 574 1750 -,
596 1665 655 1732 sed
678 1665 718 1732 de
740 1665 926 1735 nouitate
948 1667 1061 1752 modo,
1083 1668 1185 1737 sicubi
1208 1691 1255 1738 re-

105 1771 258 1838 centioris
279 1770 403 1854 aetatis
417 1768 555 1855 uestigia
576 1768 819 1854 perspiciuntur.

193 1887 259 1956 Sed
289 1890 369 1956 haec
397 1888 520 1955 leuiora
547 1893 636 1953 sunt:
665 1907 790 1955 summa
822 1885 1050 1978 disputationis
1071 1890 1192 1960 Naberi
1224 1894 1258 1960 in

105 2014 144 2061 eo
168 1999 234 2076 est,
257 1990 342 2074 quod
366 1988 701 2080 contenditssabrium
727 1991 830 2075 ipsum
853 1996 988 2058 metrum
1010 1991 1257 2062 choliambicum
1350 2029 1354 2073 ε,

106 2095 221 2190 eodem
251 2115 315 2184 quo¹
342 2077 591 2179 iambographos
620 2087 810 2158 uetustiores
841 2091 936 2159 modo
957 2098 1129 2180 tractasse,
1158 2095 1255 2164 immo
1353 2141 1354 2192 5

103 2219 164 2292 nec
188 2196 230 2284 de
252 2197 361 2284 quinto
384 2196 468 2281 pede
488 2216 568 2282 puro
591 2194 764 2280 cogitasse:
786 2193 873 2280 quod
896 2195 923 2260 si
939 2215 1049 2262 uerum
1064 2204 1157 2281 esset,
1181 2207 1256 2267 ante
1353 2222 1359 2277 1,

104 2309 246 2369 aetatem
267 2298 535 2384 Alexandrinam,
562 2295 584 2364 i.
607 2319 634 2365 e.
657 2293 786 2366 tertium
807 2318 836 2366 a
860 2298 933 2366 Ohr.
956 2321 986 2366 n.
1008 2300 1171 2368 saeculum
1194 2302 1256 2368 Ba·
1361 2310 1365 2325 ⁴

105 2405 211 2472 brium
239 2402 360 2470 uixisse
388 2420 520 2468 necesse
550 2404 643 2467 esset.
687 2400 754 2468 Sed
775 2401 809 2468 in
835 2401 895 2487 hoc
918 2400 1048 2484 quidem
1069 2411 1256 2486 argumento

105 2527 145 2574 ea
172 2510 238 2576 lere
268 2501 481 2573 concludendi
508 2503 611 2569 forma
643 2521 720 2568 usus
748 2509 797 2569 est
823 2503 948 2586 Nabar,
979 2523 1075 2585 quam
1104 2505 1256 2572 circulum

104 2609 256 2677 uitiosum
284 2606 380 2675 hodic
408 2603 506 2686 logici
539 2603 718 2690 appellant:
753 2625 827 2671 nam
855 2627 886 2691 p.
910 2610 982 2671 401.
1012 2610 1074 2671 404
1103 2606 1257 2675 Babrium

104 2709 315 2797 Hipponactis
344 2713 446 2776 metro
475 2706 639 2792 scripsisse
667 2727 703 2774 se
732 2707 1009 2791 comprobaturum
1038 2728 1109 2778 csse
1132 2709 1209 2776 dicit
1223 2711 1256 2794 ¹),

105 2812 223 2882 deinde
244 2815 355 2898 ploti
377 2814 547 2896 postquam
569 2810 648 2876 nihil
671 2809 891 2895 conprobauit
906 2809 967 2875 nisi
982 2811 1096 2895 longas
1112 2811 1256 2895 syllabas

103 2915 221 2982 finales
248 2932 318 2982 esse
346 2912 451 2982 solere
478 2913 511 2980 in
533 2912 654 2998 Athoo,
682 2933 793 2980 uersus
822 2912 895 2980 illos
914 2907 989 2997 ‘qui
1019 2920 1144 2982 exstent
1170 2913 1257 3001 apud

103 3017 311 3104 Apollonium
334 3015 534 3102 Sophistam:

613 3119 717 3182 acina
740 3108 770 3182 δ’
796 3115 967 3193 Αἴσωπος

308 3214 325 3286 ὁ
350 3218 534 3308 Σαρδιηνὸς
557 3213 659 3298 εἶπεν,
682 3210 785 3284 ὅντιν’
811 3218 845 3284 οἱ
866 3219 999 3304 Δελφοί

310 3316 433 3411 ᾄδοντα
455 3323 566 3406 μῦθον
589 3312 627 3386 ob
649 3321 757 3396 καλῶς
780 3317 1006 3397 ἐδέξαντο...

309 3422 417 3491 ’ἔωσαν
440 3417 540 3490 αὐτὸν
561 3415 642 3507 μάλ’
670 3415 782 3500 ἀθέως
805 3419 889 3488 κάνὰ
911 3425 1054 3512 κρημνοῦ

102 3545 210 3614 iudice
222 3543 478 3629 Schneidewino,
496 3543 546 3611 cui
557 3541 763 3611 Eberhardus
778 3563 889 3610 aurem
903 3535 1109 3629 praebuerit’,
1125 3549 1255 3630 propter

194 3787 216 3848 l)
234 3781 265 3835 P.
276 3785 338 3835 4041
357 3776 452 3836 ‘oritur
469 3780 591 3852 suspicio
608 3781 699 3850 ipsum
715 3779 845 3835 Babrium
864 3795 920 3835 non
935 3781 992 3833 tam
1007 3778 1087 3832 anxie
1100 3778 1254 3846 diligentem

102 3865 204 3933 luisse,
223 3865 271 3922 sed
287 3865 371 3920 luisse
389 3871 497 3935 poetam
514 3866 648 3929 Alincum,
673 3865 719 3933 qui
740 3881 832 3922 omnes
849 3863 1075 3930 ischiorrhogicos
1094 3877 1188 3919 uersus
1208 3864 1255 3918 eli-

103 3951 257 4008 minauerit
269 3950 432 4019 ultimasque
456 3951 574 4022 syllabas
596 3951 754 4019 produxerit
771 3949 984 4017 acuentibusque
1001 3963 1047 4003 ess
1066 3963 1159 4004 carere
1176 3949 1253 4004 uolu-

102 4038 162 4093 erit.
198 4037 241 4092 De
264 4052 296 4092 ea
315 4037 469 4107 suspicione
486 4035 613 4105 deinceps
634 4035 801 4102 uidebimus,
827 4035 949 4106 possitne
966 4033 1069 4103 idoneis
1088 4035 1253 4103 argumentis

103 4118 299 4193 comprobari’.
