2938 4688
237 293 301 356 148
596 285 609 312 '
720 295 783 351 Otto
802 295 912 352 drusius

238 470 369 556 protulit
383 491 414 556 p.
424 473 486 537 389
498 489 568 553 sqq.
590 469 754 536 Profectus
769 472 818 544 est
832 453 939 536 autem
954 489 974 534 a
989 467 1101 535 fabula
1115 470 1165 552 85,
1182 486 1278 550 quam
1293 465 1393 533 simili

239 577 336 655 atque
348 572 506 659 Bergkius
519 577 551 640 et
562 569 719 652 Hecherl)
736 569 862 664 ratione
872 571 1112 657 interpretatur:
1127 589 1202 635 nam
1215 589 1286 636 cum
1302 570 1395 636 canis

238 674 285 742 ibi
307 675 456 742 Achaeus
479 694 592 742 canum
615 671 755 740 omnium
778 670 1008 759 (Cretensium,
1036 673 1263 754 Molossorum,
1292 671 1393 738 Acar·

239 777 434 860 nanicorum,
458 773 660 862 Cypriorum)
685 772 750 841 dux
772 773 814 841 sit
836 776 870 842 in
894 775 978 843 hello
1001 779 1110 841 contra
1132 773 1225 858 lupos
1247 771 1392 857 gerendo

240 885 336 962 atque
359 879 400 945 de
423 871 638 965 ἆνομοιὸτητι
661 896 775 944 canum
791 883 948 960 queratur,
971 875 1123 942 Babrium
1139 895 1177 942 eo
1193 873 1394 959 significasse

239 979 353 1048 foedus
376 978 550 1046 Achaicum
580 978 764 1062 bellumque
792 979 899 1046 nescio
929 975 1014 1061 quod
1039 977 1081 1043 ab
1103 976 1243 1044 Achaeis
1264 982 1394 1061 gestum

239 1076 329 1164 t‘den
344 1080 570 1166 Todeskampf
581 1079 640 1147 der
654 1079 873 1148 hellenisohen
888 1079 1040 1163 Freiheit,
1056 1078 1109 1148 die
1123 1079 1195 1147 Zeit
1210 1076 1268 1146 des
1283 1079 1393 1146 ach‘ai-

239 1181 337 1251 schen
359 1175 502 1250 Bundes²
528 1205 558 1268 p.
582 1182 669 1266 389).
715 1184 793 1250 (lum
815 1187 922 1250 autem
946 1186 978 1250 et
1000 1182 1109 1267 lingua
1131 1181 1262 1248 alterius
1283 1179 1395 1266 potius

240 1304 336 1368 quam
359 1285 444 1353 tertii
466 1306 495 1352 a.
512 1284 584 1352 Ohr.
600 1309 630 1354 u.
654 1285 775 1352 saeculi
796 1285 838 1352 sit
861 1290 892 1350 et
914 1283 1041 1368 plurimi
1055 1284 1200 1352 homines
1216 1280 1303 1350 docti
1318 1288 1395 1367 post

239 1387 330 1455 illam
352 1392 492 1456 aetatem
507 1388 659 1454 Babrium
681 1387 801 1456 uixisse
823 1387 1015 1470 existiment,
1038 1406 1146 1470 regem
1162 1385 1302 1470 aliquem
1317 1385 1396 1451 Ale·

240 1491 397 1557 xandrum
410 1557 414 1564 ,
427 1488 580 1576 (prooem.
602 1492 648 1573 ll,
675 1490 707 1572 1)
730 1487 948 1573 quaerendum
970 1507 1057 1574 esse,
1086 1487 1142 1574 qui
1170 1487 1291 1554 ultimis
1314 1488 1395 1553 belli

241 1593 374 1660 Achaici
395 1593 590 1678 temporibus
611 1593 645 1658 in
672 1592 775 1678 Syria
788 1591 984 1677 regnauerit:
1007 1611 1080 1659 oum
1102 1609 1174 1659 esse
1196 1610 1295 1657 unum
1317 1589 1395 1656 Ale-

241 1693 398 1763 xandrum
420 1695 437 1759 l
461 1695 584 1761 Balam.

326 1797 428 1864 Huius
451 1795 675 1882 disputationis
699 1794 791 1878 quasi
814 1794 910 1860 cardo
932 1799 1077 1862 uersatur
1098 1793 1131 1859 in
1154 1815 1209 1877 eo,
1239 1792 1327 1876 quod
1350 1794 1394 1859 ad

241 1899 409 1967 concilium
431 1899 606 1966 Achaicum
614 1897 763 1984 Q
789 1898 932 1964 retertur.
978 1894 1045 1963 Sed
1072 1897 1101 1962 si
1132 1895 1261 1979 quidem
1290 1894 1332 1963 de
1355 1917 1395 1962 eo

241 2002 395 2086 cogitauit
422 2005 533 2088 poeta,
562 2021 617 2068 cur
638 2001 840 2068 Achaeorum
866 1999 970 2065 socios
996 1997 1182 2084 primarios,
1210 1997 1394 2082 Thebanos,

241 2105 389 2188 Boeotos,
413 2101 650 2186 Chalcidenses,
672 2104 763 2187 alios,
785 2121 848 2169 non
864 2100 1132 2184 commemorauit,
1149 2100 1227 2168 satis
1242 2101 1396 2168 obscuros

241 2206 315 2274 illos
337 2206 559 2290 ignobilesque
580 2207 722 2290 Dolopes
749 2208 782 2271 et
803 2204 987 2269 Acarnanes
1010 2200 1063 2286 (oi.
1087 2202 1253 2270 Kellerum
1275 2224 1306 2289 p.
1332 2205 1395 2269 389

242 2306 315 2375 adn.
336 2306 409 2393 104)
431 2306 629 2374 nominauit?
666 2305 729 2372 Gur
743 2304 909 2388 Molossos,
933 2303 1084 2391 Thraces,
1109 2306 1252 2392 Cyprios,
1277 2306 1395 2391 quibus

242 2409 322 2476 nihil
338 2428 478 2492 unquam
492 2413 645 2491 quantum
660 2408 725 2474 scio
741 2427 812 2476 cum
833 2405 971 2474 Achaeis
992 2407 1040 2474 rei
1061 2407 1144 2474 fuit?
1181 2408 1246 2476 Sed
1268 2408 1395 2476 leuiora

242 2513 323 2579 haec
338 2512 517 2579 mittamus:
534 2511 638 2595 ipsum
652 2509 781 2576 fabulae
796 2513 1018 2591 argumentum
1034 2507 1210 2591 quadretne
1226 2504 1397 2577 in‘ultima

243 2613 405 2682 societatis
420 2613 582 2680 Achaicae
603 2603 755 2698 tempora’
780 2611 956 2678 uideamus.
994 2610 1143 2689 Quantur
1160 2612 1225 2682 dux
1241 2633 1270 2680 u.
1288 2617 1307 2679 6
1324 2630 1397 2694 sqq.

242 2714 284 2784 de
307 2707 523 2802 ἆνομοιόνητι
545 2731 673 2781 mnium:

372 2811 540 2904 ...ἡμῶν
564 2808 598 2880 d'
624 2800 731 2901 ἦλθον
754 2817 788 2882 οἳ
809 2814 869 2899 μὲν
893 2813 927 2882 ἐκ
949 2815 1081 2904 Κρήτης

309 2930 338 2981 10
374 2921 407 2983 οἳ
430 2911 460 2982 δ’
488 2915 522 2984 ἐκ
544 2918 737 2984 Μολοσσῶν
761 2915 855 2998 εἰσιν,
878 2921 912 2984 οἳ
935 2909 967 2982 δ’
983 2910 1191 3004 Ἀκαρνάνων
1212 2917 1280 2982 κτλ.

244 3020 335 3099 Quae
358 3021 401 3087 ad
422 3020 621 3086 inimicitiam
643 3019 970 3092 Lacedaemoniorum
992 3019 1191 3105 potissimum
1213 3026 1245 3088 et
1269 3018 1396 3085 Achae·

244 3142 334 3189 orum
356 3122 482 3207 Keller,
505 3126 540 3188 ut
566 3121 692 3188 uidetur
701 3121 744 3206 2),
772 3123 940 3192 referenda
965 3141 1036 3192 esse
1058 3129 1165 3208 putat:
1194 3121 1397 3208 prauissime,

333 3293 357 3355 1)
375 3289 403 3344 Is
420 3289 437 3342 l.
453 3306 475 3346 s.
493 3306 515 3345 s.
532 3307 559 3360 p.
575 3294 625 3345 488
651 3294 852 3359 argumentum,
874 3291 946 3361 quod
970 3290 1051 3358 longa
1068 3289 1250 3359 disputatione
1268 3291 1399 3359 exposuit

244 3375 351 3442 Keller,
374 3375 470 3444 paucis
492 3380 597 3431 tanturn
621 3375 806 3432 adumbrauit:
834 3378 925 3445 itaque
950 3391 1011 3432 cum
1028 3375 1136 3431 Kellero
1159 3374 1327 3444 potissimum
1351 3390 1398 3430 res

244 3461 312 3516 mihi
329 3465 380 3517 est.
1032 3447 1044 3475 ⁹

332 3550 358 3614 2)
375 3546 428 3602 Vix
435 3545 503 3600 certi
514 3546 659 3614 quicquam
670 3560 704 3601 ex
715 3545 849 3615 perplexis
858 3544 917 3600 eius
926 3543 1015 3598 uerbis
1025 3543 1123 3610 elicies,
1134 3559 1203 3613 quae
1211 3560 1237 3614 p.
1248 3547 1297 3600 389
1307 3544 1399 3600 media

244 3633 386 3708 leguntur:
403 3625 421 3687 ‘.
433 3672 439 3684 .
451 3669 457 3683 .
468 3629 596 3684 wahrend
619 3630 738 3699 dagegcn
757 3630 800 3685 die
816 3628 1049 3684 Lakedaemonier
1066 3629 1115 3683 mit
1130 3629 1205 3684 ihrer
1221 3629 1398 3696 hleinlicben,

246 3715 439 3786 engheraigen,
467 3729 520 3770 von
541 3703 646 3770 hlinder
669 3714 825 3770 Eilersucht
846 3712 989 3783 geleiteten
1012 3711 1113 3769 Politik
1136 3712 1263 3782 ningends
1287 3713 1397 3768 werden

246 3801 436 3872 Sympathieen
454 3799 582 3856 besessen
598 3799 696 3857 haben.
723 3797 828 3855 Danum
842 3797 970 3866 schweigt
981 3797 1011 3851 B.
1025 3813 1077 3854 von
1089 3798 1141 3855 den
1153 3797 1399 3866 ausgeaeicbneten

245 3884 424 3952 lakonischen
441 3884 575 3940 Hunden.
589 3925 613 3940 ..
648 3883 726 3940 Musa
743 3883 820 3938 nicht
835 3882 1008 3952 nothwcndig
1023 3923 1029 3938 .
1045 3924 1051 3937 .
1069 3884 1133 3938 ‚bei
1153 3884 1200 3939 der
1218 3882 1399 3950 Schilderung

247 3971 295 4026 der
312 3969 452 4039 unseligen
463 3969 660 4026 Zorrissenheit
676 3960 914 4037 (=oivopordrqr!)
932 3967 980 4023 der
991 3968 1173 4024 verbundeten
1184 3966 1399 4022 Hundostbmme

243 4055 326 4112 ihren
343 4054 447 4124 einigen
459 4053 580 4110 Feindcn
596 4052 756 4122 gegenuber,
774 4053 810 4108 im
822 4052 915 4108 Geistc
932 4053 979 4108 des
992 4053 1118 4110 Dichters
1136 4053 1195 4108 sich
1207 4051 1251 4108 die
1264 4051 1399 4107 Parallele
