2934 4690
239 331 300 392 192
722 329 786 385 Otto
805 329 917 385 Crusius

238 505 348 587 lingua
363 503 498 587 Graeca,
519 503 554 570 in
577 523 641 586 qua
663 503 784 570 barbae
799 502 887 570 uocis
902 523 944 569 nc
959 500 1131 586 uestigium
1147 500 1275 582 quidem
1291 501 1386 569 ullum

237 606 434 674 inueniatur:
457 607 496 672 cf.
511 605 652 691 Lottner‚
676 603 799 671 Kuhn's
814 604 967 672 Zeitschr.
981 603 1018 687 V,
1038 607 1107 669 142.
1122 603 1193 688 vn,
1209 607 1259 670 27.
1279 607 1349 669 186.

325 707 391 775 Sed
421 707 559 791 simplex
586 706 725 774 Babrius
752 727 870 773 nomen
898 706 932 772 in
962 703 1127 773 codicibus
1155 726 1219 772 non
1246 704 1388 771 tribuitur

238 817 363 898 poetae.
411 811 447 874 Iu
478 809 652 877 Harleiauo
682 810 766 876 enim
796 813 876 875 3521
907 827 1003 893 super
1029 807 1174 874 fabulam
1202 806 1244 874 de
1271 826 1330 891 spe
1359 805 1388 870 iu

238 911 339 980 fundo
355 911 561 1078 (101ἒᾶΞὶοω
577 909 648 997 (58)
665 911 747 979 haec
761 911 964 978 inueniuntur
978 911 1099 995 scripta
1114 914 1196 977 teste
1210 906 1387 993 Tyrwhitto
1448 979 1449 990 ἵ

239 1014 261 1078 l.
278 1033 303 1081 s.
319 1034 343 1080 s.
359 1035 390 1098 p.
498 1037 505 1078 ε

549 1151 592 1161 -
613 1151 656 1161 -
681 1138 697 1175 a
723 1139 739 1175 a
765 1139 782 1176 a
807 1139 824 1177 a
849 1115 904 1199 *1)
933 1119 1081 1202 Βαβρίου

284 1217 488 1301 Βαλερίου
511 1219 735 1304 χωριαμβικοὶ
758 1222 866 1300 στίχοι
888 1216 921 1283 ἐκ
943 1220 1010 1282 τῶν
1031 1212 1204 1280 Αἰσώπου
1226 1210 1356 1296 μύθων.

241 1319 324 1386 Hinc
338 1318 473 1405 profecti
488 1337 585 1384 unum
597 1319 717 1385 Valerii
733 1340 849 1386 nomen
864 1320 999 1404 Harder,
1013 1317 1126 1385 Babrii
1139 1316 1257 1382 Valerii
1272 1317 1389 1397 Berger
1449 1301 1450 1312 ¹

240 1425 357 1506 poetae
371 1421 600 1506 imposuerunt,
613 1422 653 1486 of.
665 1420 789 1488 Kuoch.
798 1443 828 1506 p.
840 1426 877 1486 13
890 1441 953 1505 sq.;
970 1419 1169 1506 Tyrwhittus
1183 1423 1299 1500 autem,
1317 1437 1387 1499 quo·

241 1542 313 1590 cum
336 1521 413 1590 facit
435 1522 599 1588 Knochius
614 1544 645 1608 p.
664 1528 713 1606 14,
737 1523 757 1589 l.
773 1544 798 1590 s.
814 1544 839 1590 s.
855 1545 887 1608 p.
903 1523 1003 1590 conl
1022 1521 1157 1589 coniecit
1169 1515 1297 1586 ‘nomen
1312 1517 1389 1585 illud

242 1628 392 1712 Βαβρίου
415 1643 486 1692 esse
509 1624 765 1691 emendationem
781 1627 922 1709 alterius,
945 1623 1031 1707 quod
1045 1625 1129 1690 infra
1143 1621 1300 1703 scribitur,
1324 1627 1388 1685 Bo·
1450 1611 1451 1624 ¹

243 1718 381 1810 taptoo'.
419 1726 463 1792 At
482 1725 719 1794 emendationes
741 1727 788 1794 ita
810 1727 961 1794 collocari
983 1747 1046 1793 non
1068 1725 1181 1809 solent,
1203 1730 1300 1806 atque
1323 1743 1388 1808 per·

243 1829 358 1894 mirum
380 1826 506 1912 accidit,
530 1828 617 1910 quod
638 1829 736 1896 etiam
751 1830 884 1914 Atheus,
909 1830 963 1911 qui
985 1828 1102 1895 artiore
1122 1826 1262 1892 cumillo
1278 1845 1388 1910 cogna-
1451 1867 1452 1916 ἓ

243 1929 329 1996 tione
352 1950 415 1998 nou
437 1936 487 1998 est
507 1929 704 2016 coniunctus,
728 1931 871 1998 eiusdem
893 1932 1030 1997 nominis
1052 1929 1222 2014 uestigium
1240 1928 1341 1994 habet
1361 1927 1389 1991 in

242 2029 463 2116 inscriptione:
492 2032 729 2119 Βαλεβρίου
758 2037 951 2117 μυθίαμβοι
972 2030 1171 2096 Αἷσώπειοι
1195 2027 1280 2094 κατὰ
1304 2049 1389 2094 orot—

240 2145 341 2213 χεῑον,
393 2138 500 2215 στίχοι
524 2135 756 2218 χωλιαμβικοί.
808 2136 873 2202 Ubi
906 2136 1092 2220 Βαλεβρίου
1126 2139 1307 2216 corruptum
1339 2131 1389 2197 uix
1452 2143 1453 2146 ’

244 2235 351 2319 aptius
372 2235 493 2319 poteris
516 2237 678 2323 explicare
700 2256 796 2318 quam
818 2237 1010 2322 suspicando
1033 2232 1211 2321 Baiastn‘ov
1234 2230 1388 2320 Boinptor

245 2333 390 2402 codicem
418 2334 628 2422 archetypum
663 2338 857 2405 exhibuisse.
908 2337 998 2418 Quae
1029 2344 1060 2404 et
1087 2338 1170 2404 iuter
1199 2356 1234 2402 se
1263 2341 1295 2402 et
1324 2354 1388 2400 oum

246 2435 360 2502 ceteris
390 2437 455 2502 illis
484 2438 616 2520 originis
644 2440 809 2506 Romanae
841 2439 968 2507 indiciis
998 2447 1065 2506 tam
1092 2438 1295 2524 singulariter
1322 2455 1389 2502 oou-
1453 2463 1454 2478 π

245 2545 378 2623 gruunt,
402 2543 436 2604 ut
458 2558 564 2607 errore
586 2559 704 2608 casuue
727 2563 766 2609 ea
786 2547 856 2609 orta
878 2562 948 2609 esse
974 2563 1057 2608 nunc
1079 2541 1209 2624 quidem
1232 2536 1318 2604 credi
1337 2535 1389 2601 uix

246 2639 355 2724 possit.
386 2632 1243 2728 laquavalariumnabriu'mpoetaanoman
1264 2639 1390 2707 fnisse

246 2778 289 2788 —
312 2741 483 2823 quodiam
506 2742 735 2809 Boissonadius
758 2745 892 2811 coniecit
913 2745 1014 2812 Hasio
1036 2750 1069 2813 et
1086 2744 1228 2812 Ahrentc
1251 2742 1293 2810 de
1314 2741 1390 2809 crasi

247 2865 277 2928 p.
299 2845 339 2906 30
362 2843 635 2927 probantibus-
658 2863 807 2928 magnam
833 2847 931 2914 habet
952 2846 1223 2932 probabilitatem.
1268 2843 1332 2911 Sed
1353 2841 1389 2906 de

247 2944 377 3010 Valerio
407 2943 617 3011 etiamsinon
641 2946 743 3012 omnis
766 2947 894 3013 tollatur
916 2949 1098 3035 scrupulus,
1124 2955 1232 3014 tamen
1255 2947 1389 3012 Roma·

247 3067 337 3114 uum
373 3046 503 3113 inisse
539 3053 699 3131 poetam
732 3048 1039 3115 coniunctorum
1071 3054 1389 3132 argumentorum

248 3149 288 3214 ui
316 3147 554 3216 necessarie
582 3147 704 3214 oredo
734 3149 1014 3216 demonstrari.

333 3251 403 3315 Iam
424 3270 500 3316 uero
523 3271 595 3317 oum
617 3250 719 3334 altero
740 3251 941 3336 potissimum
964 3256 996 3316 et
1018 3251 1110 3318 tertio
1134 3272 1163 3335 p.
1180 3251 1252 3318 (ihr.
1275 3272 1305 3316 n.
1327 3268 1390 3314 sae·

250 3352 321 3417 culo
351 3351 556 3432 semigraeois
584 3351 649 3418 iliis
678 3350 843 3419 Hadriano
869 3351 1036 3420 Antoninis
1062 3351 1248 3419 Alexandro
1278 3353 1390 3420 Seuero

250 3451 495 3537 imperatoribus
517 3453 686 3538 scriptores
708 3453 843 3521 Romani
871 3453 982 3537 lingua
1004 3452 1128 3520 Graeca
1152 3453 1201 3518 usi
1223 3453 1334 3537 sint2),
1356 3471 1391 3516 ea

250 3653 345 3717 bilare,
363 3651 474 3722 espalda
486 3681 516 3700 ε
527 3655 635 3723 spatula
653 3657 681 3710 et
697 3653 774 3708 valdo
791 3651 876 3720 vedio,
894 3652 988 3707 bulrar
999 3652 1100 3718 burlar,
1118 3654 1202 3709 melro
1217 3656 1311 3710 merlo:
1330 3668 1390 3722 quo·

252 3754 313 3794 cum
332 3738 366 3792 cf.
385 3741 508 3792 nostrum
525 3738 631 3794 Ulrichs
649 3738 776 3802 Urlichs).

339 3827 363 3888 t)
381 3821 422 3876 De
444 3823 544 3878 lacuna
562 3823 628 3877 haec
647 3821 713 3876 dicit
729 3822 907 3892 Tyrubittus:
925 3817 1092 3892 ‘praefigitur
1110 3823 1220 3888 noculo,
1245 3828 1275 3877 ut
1292 3823 1392 3878 uidetur

251 3907 361 3972 Latina,
380 3907 427 3962 sed
445 3907 648 3962 characteribus
667 3922 700 3960 ex
716 3905 891 3962 festinatione
909 3906 1050 3962 scribentis
1061 3909 1118 3960 tam
1129 3922 1258 3976 peruerse
1270 3906 1393 3969 formatis,

252 3997 283 4047 ut
301 3993 333 4047 de
351 4007 416 4046 uara
434 4007 526 4047 corum
543 3995 680 4059 potestate
696 3990 800 4060 aliquid
818 3992 886 4047 certi
903 3996 1023 4047 statuere
1041 3991 1227 4046 difficillimum
1246 3990 1303 4048 sit’.

338 4079 363 4142 2)
382 4075 423 4130 cf.
434 4075 546 4141 Teuffel,
555 4076 658 4131 ritmh.
666 4077 738 4145 G.§§
749 4080 799 4131 354
808 4084 836 4132 et
845 4080 903 4144 ³56,
913 4076 1081 4147 Bernhardy,
1088 4093 1127 4146 gr.
1135 4075 1167 4130 L.
1177 4077 1265 4146 G.Ip.
1275 4081 1324 4132 590
1334 4091 1394 4146 sqqs
