2934 4690
494 327 527 381 de
545 326 637 382 Bebrii
655 329 752 382 notate.

206 489 300 576 ὅπως
322 494 460 563 ἑκάστου
484 496 543 574 τὰς
566 497 659 576 δίκας
682 490 892 584 άναπράσσῃ.

205 601 271 664 τῶν
293 591 463 685 ὀστράκων
487 597 523 664 δὲ
544 603 726 682 κεχυμένων
749 591 804 666 ἐπ’
831 592 986 688 ἀλλήλοις

206 698 243 766 τὸ
266 699 327 782 μὲν
347 697 487 786 βράδιον
509 699 546 766 τδ
571 701 607 766 δὲ
629 699 743 783 τάχιον
766 699 930 784 ἐμπίπτει

208 799 255 878 εἷς
277 803 336 866 τοῦ
358 798 443 878 Διὸς
464 799 525 879 τὰς
543 815 666 890 χεῖρας,
694 802 726 868 εί
745 795 826 868 ποτ’
853 795 999 868 εὗθάνοι.

207 905 273 968 τῶν
296 887 353 967 οὗν
376 905 530 990 πονηρῶν
554 896 591 969 οὗ
614 905 761 990 προσῆκε
782 901 969 987 θαυμάζειν

207 993 245 1069 δν
269 1006 401 1069 θᾶσσον
425 996 547 1070 ἀδικῶν
570 997 637 1090 ὀφέ
659 1029 710 1081 τις
733 1009 840 1082 κακῶς
864 1003 1010 1092 πράσοη.

73 1105 179 1202 ΒιΙΙαω
197 1106 287 1171 illurn
303 1107 422 1189 Iouem,
444 1106 498 1187 qui
515 1108 649 1174 testulae
671 1107 822 1174 confundi
842 1104 1129 1191 grauissimquue
1150 1124 1204 1171 ne·

72 1207 176 1289 gotium
199 1209 287 1274 casui
310 1207 451 1292 permitti
473 1207 562 1274 ninii!
606 1207 699 1274 Alius
719 1208 899 1294 aetiologue
921 1208 974 1274 hic
998 1206 1127 1291 mythos
1156 1211 1204 1272 eet

71 1308 286 1390 conductores
309 1313 341 1376 ct
363 1311 440 1376 Ioue
463 1317 495 1376 et
515 1329 550 1377 rc
566 1309 700 1394 dignior,
722 1309 762 1376 of.
783 1310 892 1376 nobile
914 1316 945 1373 Z
950 1306 1023 1390 εὺςΙ
1037 1306 1203 1372 κατεῖδε

67 1407 219 1494 χρόνιος
243 1407 303 1485 εἰς
328 1407 402 1486 τὰς
425 1409 631 1497 διφθέρας
652 1411 871 1495 prouerbium,
898 1411 1023 1496 dequo
1047 1409 1204 1476 Zenobiae

68 1510 110 1591 IV,
128 1515 178 1576 11:
200 1501 254 1575 ὅτι
269 1502 327 1575 οὐκ
343 1503 536 1599 ἀπρονόητα
550 1501 610 1577 κάν
628 1511 778 1599 βραδέως
800 1507 819 1598 ἡ
843 1511 915 1600 δίκη
939 1508 1016 1587 τοὺς
1039 1506 1205 1597 πονηροὺς

66 1615 191 1692 μέτεισι.
245 1613 336 1676 Φασὶ
369 1609 431 1698 γὰρ
464 1610 522 1678 τὸν
556 1617 626 1678 Δία
656 1613 704 1690 εἰς
734 1613 901 1701 διφθέρας
930 1609 1024 1690 τινάς
1053 1604 1204 1697 άποχρά-

66 1717 184 1799 φεσθαι
206 1709 248 1776 τὰ
271 1712 486 1798 πραττόμενα
508 1727 580 1791 τοῖς
603 1707 817 1801 άνθρωποις;
848 1714 1066 1800 Diogenianus
1083 1714 1119 1796 V,
1136 1717 1204 1778 95⁸:

66 1811 116 1878 έπὶ
129 1816 195 1880 τιῦν
209 1812 361 1899 βραδέως
376 1820 642 1902 τιμωρουμένων.
680 1820 829 1902 Λέγεται
849 1814 912 1903 γάρ
934 1813 992 1881 τὸν
1006 1819 1077 1880 Δία
1092 1813 1204 1880 πάντα

64 1912 99 1978 τὰ
127 1912 340 2001 πραττόμενα
371 1914 419 1992 εἷς
448 1915 616 2004 διφθέρας
646 1909 929 2004 άποχράφεσθαι;
961 1917 1071 1985 scholl.
1093 1917 1204 1984 Venct.

63 2018 134 2083 BIl.
148 2020 187 2082 A
204 2020 281 2083 175:
310 2013 368 2081 ἐπὶ
390 2019 457 2082 τιῦν
479 2042 563 2084 ποτε
585 2011 813 2102 ἀμειβομένων
835 2013 919 2105 δπέρ
946 2011 992 2082 ὦν
1018 2017 1205 2104 πράττουσι

63 2119 163 2184 καλῶν
178 2107 198 2205 ἢ
213 2119 331 2196 κακῶν,
354 2109 407 2182 ὅτι
430 2110 488 2184 οὐκ
506 2112 700 2207 άπρονόητά
723 2141 807 2208 φησι
827 2117 870 2184 τὰ
893 2117 1015 2200 πάντα,
1040 2112 1123 2184 άλλδι
1145 2116 1204 2184 τὸν

63 2224 125 2286 Δία
148 2217 195 2296 εἷς
217 2218 386 2306 διφθέρας
408 2218 501 2297 τινὰς
525 2214 791 2309 ἀπογράφεσθαι
813 2227 869 2287 καί
891 2239 975 2288 ποτε
993 2218 1160 2298 ἐπεξιέναι
1171 2219 1204 2304 ¹),

63 2327 151 2403 atque
175 2321 238 2386 huc
259 2325 384 2405 spectat
407 2323 503 2388 ctiam
526 2315 778 2409 ἀρχαιότερα
805 2326 875 2411 τῆς
902 2323 1115 2410 διφθέρας
1138 2323 1204 2386 λε’-

63 2446 139 2506 χεις
155 2421 276 2488 Snidae
290 2442 315 2489 s.
330 2443 360 2488 n.
377 2429 409 2488 et
424 2423 615 2508 Diogeniani
631 2426 685 2507 111,
699 2430 727 2508 2,
741 2425 793 2508 qui
810 2422 916 2488 addit:
933 2413 1071 2488 ἐπὶτῶν
1087 2422 1202 2509 σαθρά

64 2548 130 2589 τινα
151 2525 207 2589 καὶ
228 2520 326 2610 μωρὰ
355 2522 587 2611 διηγουμένων.
629 2521 675 2590 ‘H
693 2522 755 2611 γὰρ
779 2523 945 2611 διφθέρα,
976 2521 1010 2588 έν
1032 2517 1052 2610 ᾗ
1075 2519 1202 2590 δοκεῑδ

9 2617 10 2642 ’
65 2623 139 2704 Ζευς
162 2619 430 2714 ἀπογράφεσθαι
452 2623 493 2692 τὰ
515 2625 680 2712 γινόμενα,
704 2622 942 2709 παμπάλαιος;
973 2644 1077 2708 neque
1104 2627 1204 2692 multo

9 2769 10 2772 =
66 2728 185 2812 propius
208 2726 250 2793 ad
273 2727 424 2794 Babrium
448 2727 571 2795 accedit
592 2728 751 2794 Lucienus
774 2728 815 2795 de
837 2747 930 2793 merc.
952 2727 1042 2794 cond.
1068 2732 1121 2791 12:
1144 2715 1204 2791 κάν

63 2831 115 2906 μέν
128 2853 199 2904 τις.
214 2878 221 2893 .
235 2878 242 2892 .
257 2825 291 2892 έκ
306 2851 396 2904 τινος
412 2821 562 2906 εὐτελοῦς
583 2829 692 2906 αἰτίας
707 2825 974 2915 προςκεκροακιὺς
990 2820 1205 2911 ἀνακρινόμε-

64 2954 111 3007 νος
133 2929 212 3018 είπη
234 2926 375 3012 μοιχὸν.
395 2980 402 2995 .
420 2980 427 2995 .
446 2922 538 2994 τοῦτ)
565 2927 682 3012 έκεῖνο,
712 2929 753 2997 ἐκ
780 2933 858 2998 τιῦν
880 2928 982 3008 Διὸς
1011 2929 1162 2994 δέλτων
1185 2925 1202 2995 δ

58 3026 209 3114 μάρτυς
231 3031 309 3111 κτλ,
333 3033 372 3097 ci.
394 3032 660 3118 Maoor.111‚68:
683 3029 717 3098 έκ
738 3035 804 3097 τῶν
826 3030 911 3109 Διὸς
934 3031 1056 3096 δέλτων
1078 3025 1095 3094 δ
1119 3028 1203 3116 μάρ-

9 3125 10 3132 '
58 3147 123 3206 τος·
148 3127 206 3196 ἐπὶ
221 3134 288 3196 τῶν
303 3123 437 3220 τάληθῆ
450 3133 713 3220 μαρτυρούντων.
749 3133 968 3200 Festiuissimc
990 3138 1095 3199 eutem
1111 3133 1202 3197 Plau-

59 3237 105 3296 tus
126 3233 189 3299 hoc
199 3236 316 3318 mytho
332 3253 408 3300 usus
427 3241 476 3300 est
497 3235 529 3299 in
544 3236 699 3302 Rudentie
720 3236 853 3319 prologo
876 3253 905 3299 u.
923 3239 940 3296 5
956 3252 1035 3318 sqq.,
1058 3232 1113 3298 ubi
1127 3233 1202 3299 Arc-

58 3339 142 3399 turus
158 3339 265 3400 narrat
280 3335 323 3401 ab
338 3335 414 3402 ioue
429 3355 465 3401 ee
481 3337 612 3402 missum
627 3355 707 3418 esse,
730 3343 766 3401 ut
780 3333 943 3401 hominurn
957 3336 1043 3400 iacta
1060 3341 1204 3402 nosceret

58 3439 87 3498 et
110 3435 265 3503 bonorum
286 3437 505 3519 malorumque
526 3437 655 3504 nomina
677 3436 839 3521 exscripta
860 3436 904 3503 od
926 3457 998 3503 eum
1021 3435 1166 3503 deferret.
1207 3435 1209 3442 '

139 3537 176 3602 In
198 3537 262 3603 fab.
289 3542 348 3602 145
372 3536 429 3622 (==
443 3538 536 3607 Bodl.
558 3538 618 3604 Kn.
642 3536 715 3622 134)
737 3537 844 3604 hircus
873 3537 984 3605 sitien·
1011 3536 1044 3603 in
1073 3543 1203 3621 puteum

58 3635 262 3706 descendisse
291 3645 438 3706 narratur
466 3660 569 3722 neque
598 3640 739 3725 potuisse
768 3637 948 3707 escendere.
992 3639 1103 3719 Itaque
1132 3657 1202 3702 cum

57 3755 257 3766 ———-·.-..-

144 3809 166 3871 1)
184 3805 225 3860 De
237 3805 372 3860 sententia
383 3806 418 3861 ci.
429 3807 459 3862 ΙΙ.
470 3809 494 3858 Δ
507 3809 561 3873 160,
580 3805 643 3861 Solo
651 3805 686 3862 fr.
697 3810 737 3872 13,
747 3809 779 3861 25
789 3822 846 3876 sqq.
861 3806 938 3872 ng„
956 3803 1022 3858 Eur.
1033 3803 1133 3857 Bacch.
1144 3805 1202 3858 882.

57 3888 104 3939 889
124 3903 186 3942 oum
203 3889 367 3958 interprete,
391 3890 461 3945 Plut.
480 3886 522 3945 ‘de
540 3905 600 3946 sera
617 3907 690 3944 num.
709 3885 800 3944 uind.'.
837 3888 922 3942 Simili
939 3887 1053 3955 imagine
1071 3887 1202 3944 Goethins

56 3973 160 4026 noster:
173 3968 256 4028 ‘Aber
268 3974 307 4028 eie
319 3974 447 4038 treiben’s
460 3975 519 4041 toll;
533 3974 581 4029 Ich
593 3974 702 4041 fdrcht’,
714 3990 743 4030 es
757 3974 863 4031 breche.
888 3971 1201 4041 NiohtjedenWoohen·

56 4053 163 4113 schluns
180 4057 275 4113 Mecht
293 4057 359 4113 Gott
377 4060 419 4114 die
437 4054 546 4114 Zeche’.
