2934 4690
259 321 321 384 202
740 323 803 380 Otto
822 323 933 380 Grusius

344 497 457 561 Restat
471 501 513 561 ut
535 517 576 563 ex
597 496 707 563 formis
729 486 909 563 fabularum
932 501 964 563 et
986 497 1126 564 moribus
1145 496 1405 580 institutisquein
1451 549 1452 592 η

259 598 305 665 eis
335 597 496 684 expressis
526 598 602 680 quid
629 599 703 666 elioi
731 598 833 682 possit
862 598 1039 666 uideamus.
1084 599 1153 678 Quo
1179 601 1250 667 loeo
1273 600 1404 684 primum

258 700 432 768 notandum
451 705 501 768 est
520 720 681 783 nunqnam
697 722 717 767 a
733 700 849 768 Babrio
864 701 1027 784 regionem
1042 702 1207 786 nominari,
1230 702 1264 769 in
1280 695 1345 785 αἰιε
1360 723 1403 770 res

259 823 341 886 quae
356 809 523 870 narrantur
538 809 650 887 gestae
666 803 744 870 sint:
769 822 842 867 nam
858 802 952 869 aliter
969 811 1153 889 comparata
1173 802 1258 887 μετὰ
1276 803 1404 892 Θρᾴκην

260 909 310 988 12,
326 910 344 972 8
368 903 487 988 (quode
509 906 612 973 minus
635 912 721 972 reete
743 904 865 971 iudicat
887 905 910 970 I.
928 904 1058 970 Grimm.
1076 907 1111 970 R.
1128 907 1164 972 F.
1180 927 1211 991 p.
1227 907 1288 972 XV
1303 907 1404 991 adn.);

257 1005 341 1091 μετὰ
356 1005 418 1084 τὰς
428 1000 576 1094 Ἀθήνας
592 1012 642 1092 22,
661 1012 712 1091 163
732 1003 874 1087 χελιδών
887 1059 894 1072 .
909 1057 915 1072 .
930 1000 1110 1094 ,Ἀθηναίη
1127 1012 1178 1088 72,
1205 1013 1242 1074 16
1258 1028 1300 1074 ex
1316 1008 1404 1075 Terei

258 1115 290 1176 et
311 1111 455 1191 Prognes
477 1110 588 1194 mytho
611 1109 802 1195 deprompta
823 1107 967 1192 (Hertzb.
983 1131 1014 1195 p.
1036 1109 1124 1192 146);
1148 1109 1186 1176 of.
1203 1110 1301 1177 etiam
1316 1109 1402 1176 Bodl.

257 1211 384 1278 Knoell.
401 1217 441 1275 45
464 1205 483 1298 ἡ
504 1207 645 1292 χελιδών
668 1209 731 1299 ἔφη
755 1208 922 1298 morigeris
944 1209 1107 1298 κορώνην·
1131 1207 1215 1296 „epol
1236 1214 1404 1298 παρθένος

256 1314 311 1377 καὶ
330 1304 498 1400 Ἀθηναία
526 1315 580 1378 καὶ
610 1314 793 1397 βασίλισσα
818 1315 874 1378 καὶ
896 1313 1062 1397 βασιλέως
1083 1315 1149 1378 τῶν
1168 1305 1323 1401 Ἀθηνῶν
1345 1317 1404 1378 θν-

256 1413 391 1504 νάτηρ.“
419 1417 476 1480 καὶ
504 1419 696 1503 προσέθηκε
718 1417 774 1480 καὶ
798 1413 856 1481 τὸν
883 1419 992 1504 Τηρέα
1013 1416 1070 1479 καὶ
1092 1411 1151 1501 τὴν
1172 1420 1250 1499 βίαν
1272 1416 1328 1480 καὶ
1351 1413 1403 1502 την

258 1509 436 1605 ἀποκοπὴν
458 1519 517 1603 της
538 1515 685 1604 γλώττης
707 1517 807 1600 aelst)
845 1518 962 1585 Contra
984 1518 1182 1583 fabulatores
1197 1518 1339 1584 Graecos
1359 1536 1402 1582 us·

258 1639 319 1703 que
349 1619 392 1685 ad
420 1619 626 1704 incipientem
648 1625 787 1686 aetatem
806 1620 983 1686 Romanam
1006 1625 1057 1685 sat
1078 1639 1175 1704 saepe
1197 1618 1302 1686 looum
1326 1639 1402 1684 oom-

256 1741 451 1788 memorasse
479 1721 532 1787 uel
550 1742 604 1787 ex
633 1721 781 1787 tenuibus
810 1741 920 1788 eorum
949 1721 1092 1804 reliquiis
1119 1721 1265 1787 oonoludi
1289 1725 1401 1806 potest:

256 1825 345 1890 uelut
367 1822 453 1907 apud
473 1823 670 1889 Simonidem
692 1825 728 1889 fr.
746 1826 774 1887 8.
791 1825 809 1886 9
833 1823 939 1906 prodit
953 1823 987 1888 in
1001 1843 1150 1889 scaenam
1167 1820 1296 1906 ἔγχελυς
1312 1827 1401 1886 Μαν-

257 1923 392 2012 ανόρίης
414 1945 486 1991 oum
510 1945 628 1992 aranea
651 1930 682 1991 et
704 1924 830 1991 falooue
852 1922 904 2008 (ef.
920 1925 957 1990 fr.
983 1929 1017 1988 11
1039 1922 1140 2012 χηνὸς
1163 1919 1246 1990 ὤεον
1269 1929 1400 1989 Μαιαν-

257 2027 380 2116 δρίον);
405 2027 491 2113 apud
514 2026 745 2094 Callimachum
768 2027 804 2092 fr.
822 2029 850 2093 6.
867 2030 895 2094 7.
913 2030 932 2091 8
948 2029 989 2093 M.
1005 2055 1048 2078 =
1063 2029 1100 2090 91
1128 2025 1222 2094 Sehn.
1246 2027 1353 2092 laurus
1374 2031 1400 2091 et

256 2130 343 2198 oliua
372 2128 405 2195 ’ἐν
434 2154 509 2195 νοτε
536 2127 665 2214 Τμώλῳ
695 2134 834 2195 certasse
857 2129 1017 2212 dicuntum
1057 2126 1142 2212 apud
1167 2129 1241 2194 Luo.
1265 2131 1341 2215 piso.
1366 2131 1399 2192 32

257 2230 313 2314 (--
328 2233 367 2296 H.
385 2229 473 2314 333b)
495 2232 632 2312 legimus
653 2228 712 2295 τὸν
736 2227 769 2294 ἒν
784 2228 881 2316 Κύμῃ
905 2222 982 2294 ὅνον
1004 2227 1232 2316 μιμήσασθαι,
1257 2228 1294 2308 ὃς
1316 2230 1399 2294 λεον-

254 2335 314 2420 τῆν
337 2330 601 2420 περιβαλόμενος
623 2324 716 2419 ἠξίου
741 2332 824 2396 λέων
849 2324 948 2407 αὐτὸς
976 2327 1116 2415 elvut²);
1142 2333 1180 2398 F.
1198 2337 1260 2397 264
1283 2332 1334 2417 (Η.
1351 2329 1399 2413 30)

255 2471 297 2481 -
321 2456 416 2519 quam
438 2433 581 2502 fabulam
602 2434 670 2501 iure
691 2435 803 2500 laudat
825 2435 850 2500 I.
866 2434 998 2501 (irimm.
1014 2435 1050 2500 R.
1066 2434 1102 2500 F.
1119 2455 1148 2519 p.
1162 2434 1225 2499 XV
1239 2471 1279 2479 —
1295 2434 1398 2517 uolpes

256 2535 313 2603 ἐπὶ
341 2535 399 2603 τὸν
427 2535 628 2623 Μαίανδρον
656 2533 810 2619 ποταμὸν
844 2537 1049 2618 conueniunt,
1084 2555 1147 2602 una
1175 2540 1282 2602 autem
1309 2534 1399 2600 auda-

256 2641 338 2706 oiam
368 2644 564 2705 ostentatura
591 2646 712 2705 temere
740 2637 848 2706 desilit
875 2638 907 2702 in
934 2637 1051 2703 flumen
1078 2643 1174 2719 atque
1197 2637 1348 2703 undarum
1372 2635 1400 2700 ui

343 2809 367 2871 1)
385 2805 519 2860 Versuum
541 2804 659 2860 frustula
681 2805 783 2874 aliquot
806 2809 915 2860 seruata
942 2805 1076 2859 uidentur.
1112 2804 1240 2875 Propono
1261 2801 1399 2873 βασίλισσα

254 2889 388 2961 βασιλέως
405 2910 435 2942 τε
452 2891 511 2942 τῶν
525 2885 685 2955 Ἀθηναίων
703 2885 842 2956 (Ἀθηνῶν
853 2890 894 2955 Β.)
913 2895 940 2944 et
956 2890 984 2943 in
1002 2890 1076 2944 exitu
1094 2883 1163 2943 ὅπου
1182 2887 1270 2942 λαλεῖς
1286 2889 1398 2942 τοσαῦτα

253 2974 502 3048 <κᾶπο>τμηθείσηε
519 2969 598 3040 (ὅπου
615 2995 660 3043 sp.
679 2993 703 3028 τ.
722 2973 746 3027 l.
764 2977 818 3043 B.);
842 2971 1004 3041 ἀποκοπὴν
1021 2974 1068 3041 τῆς
1085 2972 1126 3046 pl.
1145 2989 1228 3043 supra
1245 2974 1337 3030 habes.

340 3067 366 3128 2)
386 3060 426 3114 Oi.
440 3059 526 3115 Nicol.
541 3059 570 3112 in
579 3059 755 3114 Walarhett.
766 3059 811 3113 Gr.
821 3058 833 3112 I
843 3077 870 3128 p.
881 3063 930 3113 266
940 3086 973 3105 =
986 3060 1020 3113 H.
1030 3063 1080 3114 336
1096 3064 1124 3114 et
1138 3059 1216 3113 Bodl.
1225 3059 1278 3112 Kn.
1289 3062 1320 3113 33
1330 3055 1398 3108 --·Η.

255 3154 304 3204 335
319 3175 354 3194 =
370 3147 450 3200 Babr.
464 3149 520 3199 164.
556 3144 598 3198 Ad
616 3145 746 3199 Babrium
765 3160 819 3198 non
837 3143 907 3198 redit
924 3144 1014 3198 Tzetz.
1029 3143 1090 3199 ehil.
1106 3143 1152 3210 IV,
1162 3148 1212 3198 932
1230 3144 1274 3210 (X,
1286 3146 1353 3206 261):
1371 3144 1398 3192 ev

254 3232 334 3304 Κύμῃ
356 3230 417 3284 ὄνος
439 3228 558 3302 γεγονώς
579 3234 661 3302 μέγας
683 3226 750 3303 ὑπὲρ
773 3227 835 3282 τοὺς
858 3225 935 3283 ὄνους
958 3228 1028 3296 κτλ,
1052 3245 1114 3284 nam
1132 3228 1266 3298 sequitur:
1291 3224 1326 3281 sis
1342 3218 1399 3288 d'd

254 3315 333 3388 φωνὴ
350 3314 400 3368 τὸν
417 3312 537 3367 δείλαιον
555 3311 640 3378 ἔδειξε
658 3317 743 3368 πᾶσιν
760 3312 839 3378 ὄνον,
864 3330 982 3383 quocum
1000 3313 1117 3368 concinit
1134 3313 1166 3367 F.
1182 3319 1228 3368 141
1244 3341 1279 3360 =
1293 3312 1326 3365 H.
1340 3313 1397 3365 336:

254 3397 383 3473 ἐτύγχανε
399 3397 450 3471 γὰρ
470 3395 552 3452 αὐτοῦ
571 3400 763 3471 φθεγξαμένου
781 3404 973 3469 προακηκοοῖα,
992 3414 1053 3452 cum
1068 3398 1238 3455 Babr.Bodl.
1249 3399 1396 3453 dehabeat:

255 3483 291 3539 ais
313 3482 344 3538 de*
364 3480 464 3553 ἆνέμσν
488 3483 656 3538 πνεύσαντος
680 3479 781 3555 ἡὸορὰ
798 3484 959 3556 περιῃρέθη.
994 3483 1089 3551 Neque
1107 3498 1175 3552 quae
1193 3487 1341 3552 sequuntur
1356 3494 1397 3531 1111.

254 3577 302 3627 945
318 3586 375 3640 sqq.
389 3597 422 3616 =
438 3569 470 3623 F.
488 3573 546 3622 242.
565 3568 600 3624 H.
616 3574 665 3624 363
684 3585 699 3624 e
716 3569 816 3624 Babrio
835 3570 934 3624 hausta
952 3573 1016 3622 sunt
1034 3571 1083 3621 aut
1099 3568 1173 3634 VIII,
1190 3573 1239 3622 500
1256 3584 1322 3636 sqq..
1342 3579 1398 3618 cunr

253 3657 335 3711 Babr.
345 3655 364 3710 f.
376 3660 390 3708 7
394 3659 407 3709 2
426 3654 543 3708 hisundo
557 3655 690 3711 secundas
707 3660 799 3724 partes
817 3657 889 3722 agat,
908 3653 981 3722 apud
993 3653 1121 3707 Tzetzam
1132 3651 1218 3725 γλαῦξ
1230 3653 1300 3706 sieut
1313 3649 1342 3703 F.
1351 3651 1395 3700 217

252 3770 287 3788 =
300 3741 333 3795 H.
350 3745 407 3796 200.
443 3739 518 3795 Nihil
541 3739 648 3795 omnino
672 3739 764 3794 Inueni
788 3754 841 3808 quo
860 3737 1002 3808 Tyrwhitti
1024 3738 1114 3807 opinio
1140 3737 1264 3792 firmetur
1282 3731 1396 3788 Knoehio

253 3843 279 3895 p.
290 3832 322 3881 35
343 3825 459 3896 probata
469 3821 607 3880 ‘Tzetzsm
625 3824 733 3894 saepius
752 3824 803 3878 sub
815 3824 917 3892 Aesopi
934 3823 1041 3877 nomine
1055 3823 1162 3877 fabulas
1175 3835 1317 3890 exponere,
1335 3830 1396 3885 quas

254 3926 288 3965 ex
304 3911 404 3965 Babrio
423 3907 568 3975 hauserit',
586 3914 668 3978 atque
685 3914 789 3965 eertum
806 3912 848 3965 est
864 3912 974 3976 praeter
991 3907 1120 3962 Babrium
1146 3923 1207 3961 eum
1226 3905 1306 3961 etiam
1322 3901 1397 3972 pede-

254 3999 323 4049 stres
340 3995 447 4049 fabulas
465 3994 631 4059 adhibuisse.
651 3995 683 4048 ef.
700 4010 722 4048 e.
737 4009 762 4062 g.
775 3993 850 4058 XIII,
861 3997 911 4046 434
921 4009 993 4062 sqq.:
1013 3997 1068 4046 τοῖς
1085 3989 1186 4061 μύθοις
1203 3993 1252 4044 τοῦ
1268 3983 1395 4044 Αἰσώπου

255 4099 284 4131 τε
302 4084 347 4130 καὶ
365 4085 464 4144 στίχοιν
481 4081 530 4132 τοῦ
548 4085 678 4151 Βαβρίον.
