2938 4688
746 353 809 411 Otto
827 354 938 410 Crusius

415 519 493 590 ‘l'rr'
521 524 600 609 ἐμοῦ
624 526 659 590 δὲ
681 525 816 613 ιιριύυου
838 531 897 616 της
919 527 1029 615 θύρας
1051 521 1265 619 ἀνοιχθείσης

418 627 583 716 εἰσῆλθον
601 623 697 694 όλλσι
718 631 775 694 καὶ
797 635 993 718 σοφωτέρας
1014 631 1141 720 μούσης

414 736 549 818 γρίφοις
571 726 690 814 ὁμοίας
713 729 889 819 ἐκφέρουσι
911 733 1066 820 ποιήσεις
1088 736 1155 799 κτλ.

263 836 438 902 imitatores
461 834 533 900 illos
555 835 659 919 ipsum
676 833 907 902 Callimachum
929 856 1001 902 esse
1021 837 1124 904 uideri
1139 839 1283 922 aliosque
1299 846 1418 924 poetas

263 935 500 1006 Alexandrinos
514 936 546 1020 ¹).
593 935 698 1015 Quare
725 957 835 1022 regem
857 937 1074 1005 Alexandrum
1104 940 1236 1007 alterius
1258 942 1418 1025 prooemii

263 1039 480 1108 Alexandrum
498 1040 645 1106 Aetolum
665 1059 735 1106 esse
754 1060 837 1105 anno
852 1061 881 1106 a.
894 1039 966 1107 Chr.
980 1045 1041 1106 244
1057 1041 1099 1107 ab
1114 1042 1274 1128 Antigono
1290 1063 1416 1110 ueneno

262 1143 431 1209 sublatum.
455 1141 598 1210 Priorem
608 1141 704 1224 igitur
713 1141 894 1208 fabularum
905 1142 1076 1212 editionem
1086 1151 1232 1230 paratam
1245 1165 1315 1212 esse
1328 1146 1417 1214 circa

262 1266 378 1311 annum
395 1265 422 1310 a.
436 1243 508 1310 Chr.
522 1244 629 1327 2502);
647 1245 781 1310 alteram
796 1251 904 1312 autem
919 1253 992 1329 post
1003 1246 1179 1314 Alexandri
1195 1253 1329 1315 mortem
1345 1248 1416 1316 edi-

249 1355 327 1415 tam
348 1347 461 1431 uideri,
484 1367 556 1413 eum
577 1345 687 1411 tabula
710 1348 759 1429 85,
782 1347 815 1412 in
838 1366 902 1429 qua
924 1347 964 1414 de
988 1349 1072 1415 bello
1089 1369 1203 1416 canum
1218 1355 1251 1416 et
1265 1351 1417 1436 luporum

261 1457 374 1537 agatur
390 1458 421 1518 et
435 1470 465 1515 11.
482 1453 500 1513 2
517 1467 563 1530 sq.
580 1451 718 1531 legatur:
740 1446 827 1514 κύων
851 1440 881 1513 d'
904 1442 1037 1532 Ἀχαιὸς
1054 1445 1162 1538 ,ύρέθη
1185 1455 1290 1518 κονιῦν
1306 1451 1416 1540 δήμου

262 1549 445 1642 στρατηγὸς
474 1547 575 1631 εἶναι,
605 1549 647 1616 ad
675 1549 789 1618 foedus
811 1551 986 1618 Achaicum
1014 1559 1046 1618 et
1067 1555 1160 1620 Arati
1181 1554 1280 1638 ipsius
1302 1562 1419 1622 contra

261 1659 394 1726 Aetolos
416 1662 559 1740 raptores
583 1653 819 1738 expeditionem
834 1654 877 1738 (a.
894 1655 969 1737 241)
989 1675 1106 1738 magna
1120 1655 1348 1740 probabilitate
1365 1677 1417 1724 re-

261 1760 337 1826 ierri
365 1758 473 1844 possit.
518 1757 582 1824 Sed
604 1756 756 1842 primaria
780 1757 838 1823 illa
861 1777 900 1824 ex
924 1777 988 1840 qua
1009 1758 1157 1824 uniuersa
1179 1760 1418 1843 argumentatio

348 2003 371 2056 1)
391 1994 552 2062 Similitudo,
577 2007 657 2062 quarn
674 1991 807 2061 Bergkius
831 1993 903 2047 inter
921 1993 1052 2062 prooemii
1069 1994 1081 2046 l
1100 2009 1194 2049 uersus
1215 1997 1224 2046 1
1247 2009 1293 2062 ιη,
1314 1997 1416 2049 6-1οε

265 2091 284 2140 1.
302 2081 385 2150 Γενεὴ
402 2078 518 2134 δικαίων
535 2068 569 2147 ἦν
586 2077 618 2132 τὸ
631 2080 745 2150 πρῶτον
761 2073 933 2150 ἀνθρώπων,
946 2081 955 2148 Ι)
969 2069 992 2132 ὦ
1009 2079 1115 2152 Βρόγχε
1132 2083 1236 2143 τέκνον,
1254 2073 1288 2146 ἣν
1300 2077 1418 2133 καλοῦσι

258 2175 436 2241 χρυσείην...
467 2169 490 2220 6.
510 2165 619 2231 ἐπίσης
637 2160 781 2236 ὃὲχρυσῆε
799 2163 895 2217 καὶτὰ
914 2163 1172 2232 proavunculus
1192 2165 1201 2234 ΙΙ
1219 2162 1316 2232 φωνὴν
1333 2163 1418 2236 ἔναρ-

260 2255 334 2328 θρον
352 2253 404 2318 εἶχε
421 2257 467 2303 καὶ
485 2247 578 2323 λόγους
594 2247 662 2324 ᾔδει,
674 2251 683 2318 ll
697 2245 792 2321 ἀγοραὶ
807 2248 837 2301 δὲ
848 2251 957 2303 τούτοιν
969 2239 1039 2317 ἦσαν
1051 2254 1082 2301 ἐν
1093 2253 1187 2316 μέσαις
1199 2244 1287 2304 ύλαιε·
1302 2251 1311 2320 fl
1323 2248 1417 2304 ἐλάλει

260 2337 291 2393 Aa
314 2343 402 2411 πέτρα
423 2341 468 2388 καὶ
492 2334 527 2388 τοὶ
551 2333 639 2405 φύλλα
663 2336 709 2401 τηε
727 2330 833 2400 πεύκης,
848 2337 857 2404 ΙΙ
878 2333 964 2388 ἐλάλει
984 2331 1146 2400 demorsos,
1171 2333 1283 2408 Βράχχε,
1301 2337 1349 2402 νηῒ
1367 2344 1416 2389 καὶ

259 2421 346 2496 ναύτῃ
365 2420 422 2476 κτλ.
441 2423 468 2476 et
484 2419 641 2474 Callimachi
658 2420 690 2472 t'r.
710 2425 740 2475 81
760 2419 841 2475 Schu.
854 2425 897 2488 (=
911 2420 1027 2475 Meinelr.
1047 2419 1194 2478 Choliamb.
1207 2438 1233 2490 p.
1249 2427 1293 2476 157
1304 2421 1337 2476 fr.
1347 2421 1415 2489 VI):

255 2498 307 2562 ‘Ha
324 2512 409 2561 orciuos
427 2502 579 2572 σύνιαυτὸε,
605 2493 678 2574 ᾧτό
703 2523 733 2557 τε
751 2503 858 2572 πτηνόν
877 2506 886 2574 Ι)
903 2509 948 2558 καὶ
972 2501 1038 2559 τούν
1056 2503 1186 2578 θαλάσσῃ
1203 2512 1250 2559 καὶ
1267 2505 1299 2560 τὸ
1316 2507 1416 2580 τετρό-

259 2615 330 2650 πσυν
354 2587 440 2646 otrus
459 2593 468 2662 1)
486 2587 641 2663 epdr'yyeii'
662 2587 698 2644 ύε
719 2587 733 2644 ό
752 2589 836 2656 πηλὸς
854 2585 868 2644 ὁ
887 2591 1053 2663 Προμηθῆος
1072 2596 1167 2654 1-εισε
1185 2591 1224 2657 Μ)
1242 2590 1416 2648 intercedere

259 2681 399 2750 opinatur,
423 2681 531 2748 praeter
555 2676 715 2731 sententiam
740 2691 757 2730 a
775 2675 866 2745 mytho
884 2677 1009 2731 omnibus
1029 2675 1140 2730 Graecis
1162 2676 1207 2743 (cf.
1226 2678 1415 2733 testimonium

258 2751 458 2820 nobilissimum
472 2761 574 2816 Cratini
591 2761 661 2816 Plut.
675 2760 734 2816 fr.3
754 2764 824 2826 [162]
843 2760 889 2827 Μ,
908 2761 955 2815 uhi
972 2761 1060 2830 pisces
1077 2761 1232 2830 loquuntur,
1251 2778 1313 2816 cum
1331 2769 1414 2831 μασι-

258 2849 316 2905 λεὺι
335 2847 438 2920 Κρόνον
455 2836 489 2914 ἦν
506 2846 538 2900 τὸ
557 2843 676 2901 παλαιόν
693 2845 752 2899 fr.2
772 2848 855 2913 [161];
876 2845 979 2900 Welclr.
990 2862 1028 2914 gr.
1040 2846 1152 2901 Getterl.
1166 2847 1179 2899 I
1195 2863 1222 2915 p.
1238 2851 1296 2912 123,
1316 2847 1416 2904 Fried-

259 2935 354 2990 ltnder
372 2933 523 2988 Darstell.l
540 2950 567 3002 p.
582 2937 640 2998 516,
659 2931 756 2999 Bergk.
775 2930 832 2984 rell.
852 2946 918 2985 com.
939 2932 994 2984 Att.
1014 2947 1041 3000 p.
1059 2935 1117 2986 218,
1137 2935 1196 2999 281,
1214 2931 1305 2988 Keller
1323 2934 1341 2987 l.
1354 2951 1378 2988 s.
1391 2951 1414 2988 s.

257 3039 284 3091 p.
296 3025 354 3088 315,
365 3023 414 3074 cte
424 3018 486 3072 adn.
499 3021 540 3085 16)
553 3023 634 3086 atque
646 3017 712 3071 adeo
727 3015 850 3070 omnihus
868 3014 925 3070 fere
937 3016 1043 3085 populis
1057 3016 1171 3084 (Grimrn
1183 3016 1304 3072 Reineke
1315 3017 1416 3075 Fuchs

258 3123 285 3176 p.
296 3105 329 3170 V,
347 3104 463 3160 Pcschel
479 3103 508 3157 in
526 3099 658 3171 ‘Beitrage
676 3117 728 3156 uon
746 3101 815 3156 Paul
832 3097 983 3156 uBraune’
994 3103 1044 3157 vol.
1056 3101 1089 3168 V,
1108 3107 1159 3172 2η.
1171 3107 1297 3172 21141141,
1318 3103 1414 3175 ΤχΙον,

257 3190 381 3260 Aniange
400 3191 447 3245 der
465 3189 561 3242 Cultor
577 3186 590 3241 I
608 3203 633 3256 p.
650 3189 680 3240 19
693 3204 733 3256 sq.
753 3191 802 3240 4611
816 3191 865 3256 sq.)
884 3187 1018 3242 communi
1035 3187 1221 3257 depromptam
1239 3193 1295 3242 tam
1313 3189 1416 3260 exigua

258 3283 314 3341 est,
331 3282 363 3330 ut
379 3276 446 3328 nihil
465 3275 566 3328 sit-cur
584 3273 699 3327 alterum
716 3288 750 3329 ex
767 3272 853 3327 altero
871 3272 997 3328 hausisse
1015 3277 1153 3341 putemus;
1180 3289 1242 3328 nam
1259 3273 1291 3328 in
1308 3272 1414 3330 fabulis

258 3363 340 3416 etiam
352 3359 510 3414 enarrandis
523 3358 569 3411 alii
581 3358 658 3411 multi
669 3362 697 3412 et
708 3364 772 3413 ante
785 3357 979 3413 Callimachum
991 3363 1092 3426 etpost
1105 3371 1165 3411 eum
1176 3356 1228 3412 hoc
1241 3359 1333 3428 mytho
1347 3367 1417 3415 sunt

258 3444 315 3509 usi,
335 3443 368 3498 cf.
387 3443 510 3511 Xenoph.
531 3446 672 3498 comment.
691 3444 819 3510 11,1,13;
844 3448 934 3496 Φασὶν
952 3437 998 3496 ὅτε
1015 3439 1161 3513 φωνήεντα
1179 3435 1211 3508 ἢν
1228 3441 1263 3495 τοὶ
1282 3445 1342 3508 ζιῦα
1360 3445 1416 3512 τὴν

257 3530 315 3584 σίν.
328 3530 448 3583 ..εἰπεῖν
462 3528 552 3594 (Babr.
569 3529 635 3599 131),
654 3528 700 3583 uit.
717 3530 816 3598 Aesop.
829 3529 858 3582 in
871 3528 944 3583 labb.
955 3527 1033 3582 Rom.
1047 3527 1089 3582 ed.
1102 3527 1202 3582 Eberh.
1216 3544 1243 3596 p.
1254 3531 1316 3583 282:
1336 3527 1414 3583 καθ’

256 3609 291 3668 όν
307 3611 406 3686 χρόνον
424 3608 558 3683 ὁμόφωνα
575 3603 609 3680 ἢν
625 3613 659 3668 τὰ
679 3616 749 3680 ζῶα,
772 3610 892 3682 πόλεμον
909 3613 936 3666 οἱ
953 3609 1027 3666 λύκοι
1044 3617 1100 3666 τοῖς
1117 3609 1265 3686 προβάτοις
1282 3615 1418 3685 συνῆψαν

258 3700 352 3768 (Bahr.
367 3702 426 3763 93),
447 3698 558 3753 Maxim.
578 3699 640 3770 Tyr.
659 3699 731 3756 Diss.
743 3699 856 3767 XXVp.
874 3703 917 3752 1111
937 3698 1044 3753 Duebn.
1064 3697 1091 3751 in
1108 3697 1202 3758 fabula
1218 3698 1359 3767 Aesopea:
1379 3693 1419 3766 ἦν

257 3781 311 3858 ἄρα
328 3782 391 3837 τότε
408 3778 542 3852 ὁμόφωνα
560 3789 605 3836 καὶ
622 3784 657 3838 τοὶ
674 3785 763 3858 θηρία
780 3788 835 3836 cois
855 3778 1018 3854 ἀνθρώποις
1038 3781 1080 3850 (F.
1098 3784 1172 3849 400),
1196 3783 1249 3838 Dio
1268 3783 1417 3853 Chryscst.

256 3868 369 3934 LXXII,
384 3874 423 3924 ts:
444 3865 576 3943 ἡόρχαία
593 3868 678 3943 γλαὺξ
695 3871 736 3938 τῷ
754 3867 815 3923 ὄντι
833 3874 951 3941 φρονίμη
970 3856 1003 3933 ἦν
1020 3871 1065 3920 καὶ
1083 3865 1273 3935 ξυμβουλεύειν
1291 3864 1418 3923 ἐδύνατο

256 3955 299 4019 ιν.
313 3957 380 4021 aas).

344 4043 369 4104 2)
387 4037 476 4106 Negat
494 4039 564 4093 enim
582 4040 789 4104 Callimachum,
812 4037 858 4107 qni
874 4035 983 4092 fabulas
1001 4037 1103 4106 priores
1121 4036 1157 4092 sit
1173 4035 1309 4101 imitatus,
1335 4036 1418 4094 hunc

257 4126 402 4180 terminum
419 4126 499 4194 longo
517 4126 606 4194 spatio
625 4139 775 4195 superasse.
