2938 4688
216 321 278 384 162
697 322 760 378 Otto
780 315 890 379 Orusius

213 503 365 567 accentus
388 516 408 562 a
430 495 548 564 Bebrio
570 494 821 580 abiudicatos1),
843 495 1075 564 abiudioandos
1097 519 1160 565 non
1185 517 1256 565 esse
1278 495 1366 581 dicit,
1457 559 1458 564 ,

215 621 288 669 eum
309 599 453 683 regulam
475 598 565 664 illam
587 596 723 664 Babrius
745 619 809 665 non
830 599 1020 666 obseruasse
1041 599 1203 685 uideatur3
1227 599 1367 682 denique

216 709 251 772 ut
276 704 390 790 plenus
411 699 467 768 fiat
488 719 586 786 gyrus
608 703 640 766 et
661 699 694 765 in
716 719 752 767 se
774 700 881 785 ipsum
901 706 1058 787 recurrat,
1082 696 1221 769 ‘utemur
1242 693 1363 787 potius’

215 807 322 890 inquit
339 801 403 872 ‘his
425 803 593 869 uersibus.
611 854 617 868 .
634 853 641 868 .
657 801 700 868 ad
718 802 989 889 eomprobandnm
1003 804 1156 872 Babrium
1171 824 1230 872 nee
1244 804 1367 871 uitasse

216 914 364 977 aooentus
392 907 424 973 in
453 905 517 972 fine
544 925 693 971 uersuum
723 901 869 993 (Δελφοί
898 911 929 974 11
958 905 1116 995 κρημνοῦ)
1151 927 1210 974 nee
1240 926 1368 993 semper

215 1013 361 1079 ultimam
382 1008 415 1075 in
438 1006 620 1076 oholiambo
642 1006 801 1093 syllabam
824 1007 1014 1093 produxisse
1034 1007 1220 1094 (Αἴσωπος
1243 1014 1274 1076 11
1297 1005 1367 1074 ἐδέ-

218 1105 343 1198 ξαντο)
369 1147 411 1157 -
434 1107 528 1194 qnasi
556 1111 584 1177 si
612 1115 742 1196 propter
771 1110 919 1178 metrieas
947 1111 1021 1178 illas
1044 1112 1182 1179 rationes
1205 1131 1226 1176 a
1246 1111 1365 1178 Babrio

216 1210 423 1284 abindioandi
451 1234 515 1280 non
540 1213 618 1296 sint,
649 1212 678 1278 ei
700 1220 736 1279 ut
757 1213 936 1281 tribuantur
956 1234 1087 1282 neeesse
1110 1214 1166 1280 sit!
1207 1212 1273 1282 Sed
1302 1233 1366 1297 quo

215 1317 345 1385 omnino
373 1317 444 1383 loeo
472 1321 600 1402 poetam
623 1316 673 1383 his
695 1316 841 1384 uersibus
864 1338 956 1384 usum
978 1336 1049 1383 esse
1072 1315 1183 1384 dioes‘?
1226 1317 1311 1383 Num
1333 1317 1368 1382 in

214 1421 279 1487 fine
300 1418 429 1487 fabulae
445 1419 580 1486 11111111
590 1416 642 1503 ²)?
675 1419 719 1484 At
740 1420 843 1487 simile
867 1420 946 1503 quid
966 1441 1006 1488 ne
1028 1421 1061 1487 in
1084 1439 1148 1488 una
1171 1418 1301 1502 quidem
1325 1439 1368 1486 ex

218 1523 362 1592 ducentis
386 1541 468 1604 quae
491 1528 636 1588 seruatae
659 1525 734 1588 sunt
754 1520 928 1607 inuenitur,
951 1541 1055 1606 neque
1080 1522 1189 1589 hercle
1212 1528 1286 1606 apte
1309 1541 1366 1606 po-

215 1630 351 1710 neretur,
366 1645 439 1691 oum
455 1643 565 1692 omnes
580 1624 708 1691 omnino
722 1624 850 1691 fabulas
865 1623 908 1692 ad
920 1626 1084 1710 Aesopum
1096 1625 1233 1692 Rubrius
1248 1623 1369 1691 referat

176 1735 179 1755 '
215 1747 355 1814 prooem.
371 1728 396 1812 I,
416 1732 454 1791 14
468 1745 538 1809 sqq.
574 1725 644 1794 Neo
657 1725 856 1810 probabilius
878 1727 911 1795 in
933 1729 1097 1813 prooemio
1120 1726 1229 1811 aliquo
1250 1744 1367 1793 uersus

215 1830 288 1896 illos
311 1829 483 1896 oollooatos
505 1828 604 1896 fuisse
626 1827 780 1895 oonIoies:
806 1827 928 1896 nullum
951 1830 1036 1897 enim
1059 1835 1166 1896 exstat
1186 1829 1367 1914 prooemio-

215 1952 285 1998 rum
313 1936 438 2016 praeter
466 1930 530 1998 duo
553 1928 672 1998 eodiois
693 1931 722 1996 A
744 1930 916 2013 uestigium
928 1928 964 2015 ³),
998 1951 1102 2014 neque
1125 1950 1196 1997 enm
1219 1929 1261 1996 ad
1284 1930 1367 1998 duas

216 2053 296 2127 quas
318 2037 415 2119 poeta
436 2033 768 2102 emititoolleotiones
790 2033 958 2101 referenda
983 2032 1041 2100 illa
1062 2032 1241 2116 uideantur,
1264 2033 1366 2100 ullum

215 2155 355 2220 unquam
377 2136 465 2204 alind
488 2134 649 2203 exstitisse
668 2136 737 2202 ueri
753 2143 802 2203 est
816 2134 929 2202 simile.
967 2137 1139 2204 Praeterea
1152 2138 1367 2222 fragmentum

214 2239 296 2306 illud
318 2239 372 2305 uel
393 2259 451 2325 per
471 2258 507 2306 se
528 2258 592 2304 non
614 2243 689 2323 apte
711 2237 848 2305 adicitur
864 2235 966 2324 μύθῳ
982 2239 1034 2306 uel
1049 2236 1170 2321 μύθων
1191 2238 1366 2323 prooemio,

214 2360 289 2410 nam
312 2335 436 2429 ᾄδοντα
456 2337 570 2424 μῦθον
596 2338 682 2406 idem
710 2340 778 2408 fere
800 2345 885 2407 esset
906 2339 992 2423 quod
1014 2343 1120 2406 ταῦτα
1143 2335 1252 2406 almer:
1285 2342 1367 2408 refe·

214 2443 350 2512 rendum
372 2442 478 2530 potius
500 2443 627 2510 uidetur
648 2440 692 2508 ad
715 2442 955 2529 apophthegma
975 2444 1085 2511 neseio
1114 2442 1200 2526 quod
1226 2463 1246 2510 a
1267 2448 1367 2528 poeta

216 2546 469 2631 Alexandrinos
490 2546 522 2614 in
538 2543 679 2613 carmine
694 2544 803 2627 aliquo
819 2544 1031 2612 oholiambieo
1048 2545 1237 2631 expositum.
1273 2546 1365 2627 Oete

303 2735 328 2798 1)
346 2731 454 2802 Duplex
472 2733 514 2784 est
528 2745 603 2785 error
614 2729 724 2796 NaberI,
743 2732 771 2785 11
788 2729 859 2798 qnod
869 2743 977 2786 uersum
987 2734 1113 2800 quartum
1125 2745 1142 2785 a
1154 2729 1238 2785 Suida
1250 2730 1367 2801 pessime

215 2818 345 2874 traditum
361 2816 391 2871 in
410 2815 548 2886 Apollonii
566 2816 653 2872 lexico
675 2815 728 2883 legi
755 2815 820 2870 dicit
846 2820 874 2871 11
901 2817 973 2884 qnod
996 2815 1229 2871 SchneidenInnm
1255 2820 1367 2886 propter

215 2906 345 2959 accentus
368 2902 548 2970 fragmentum
571 2915 588 2954 a
615 2899 715 2955 Bebrio
739 2900 910 2957 abiudioasse
935 2901 1078 2971 opiaatur:
1105 2901 1173 2957 nihil
1198 2916 1270 2958 anne
1300 2905 1365 2955 1815

215 2989 244 3053 (l.
255 3003 277 3042 1.
289 3003 309 3042 s.
320 3003 346 3056 p.
357 2991 382 3052 1)
400 2985 565 3042 Schneidew.
583 2984 617 3041 de
634 2985 692 3056 lege
708 2984 755 3040 illa
776 2986 887 3041 sciebat.

302 3076 327 3136 2)
345 3071 526 3144 Depromptos
545 3085 591 3127 eos
608 3085 670 3126 esse
687 3068 731 3124 ‘ex
748 3071 854 3142 epilogo
873 3071 983 3126 fabulae
1002 3071 1036 3126 de
1053 3070 1144 3139 aquila
1161 3074 1190 3126 11
1208 3067 1365 3127 scarabaeo‘

216 3157 298 3226 (11.1)
314 3157 478 3228 Tyrthttus
494 3156 648 3226 suspicetur
660 3157 723 3213 Aes.
733 3156 798 3212 Fur.
809 3174 836 3227 p.
846 3155 956 3211 CXCIX
968 3157 1067 3212 collato
1080 3156 1184 3215 scholio
1196 3156 1279 3212 ArIst.
1289 3172 1365 3226 uesp.

221 3247 299 3308 1431,
323 3243 351 3297 in
374 3257 426 3310 qno
444 3245 569 3311 Aesopus
591 3241 751 3311 priusquam
775 3241 809 3298 de
827 3256 893 3298 saxo
911 3241 1139 3312 praecipitaretur
1154 3241 1276 3296 fabulam
1293 3241 1367 3296 illam

215 3342 342 3383 narrasse
359 3327 466 3382 dicitur.
503 3327 540 3380 At
557 3341 591 3382 ea
609 3327 669 3398 ipsa
693 3328 716 3382 si
740 3327 926 3397 praecederet,
949 3327 1018 3381 mira
1042 3322 1256 3392 essentoiclovra
1271 3328 1367 3395 μῦθον

216 3415 260 3479 (=
274 3414 374 3478 ταῦτα)
393 3416 420 3468 11
436 3413 514 3467 ulmis
531 3413 637 3467 incerta
653 3414 741 3465 ταῦτα
759 3407 785 3466 δ’
804 3413 953 3467 Αἴσωπος.
964 3452 970 3466 .
982 3411 1087 3478 ,sluaa5
1109 3407 1198 3464 ὅντιν’
1219 3411 1246 3465 οἱ
1266 3411 1369 3484 Δελφοί

216 3495 396 3560 ...ἐδέξαντο
420 3497 515 3566 uerba;
539 3513 592 3566 quo
615 3498 721 3553 aceedit
744 3498 817 3567 quod
839 3497 948 3551 fabulae
971 3495 1044 3552 illius
1065 3511 1083 3551 a
1104 3495 1205 3553 Bebrio
1232 3502 1367 3554 tractatae

216 3599 267 3639 nec
284 3584 349 3638 uola
366 3585 456 3637 exstat
473 3597 522 3638 neo
538 3583 689 3652 uestigium.

271 3695 273 3701 ·
302 3673 327 3729 3)
345 3666 415 3722 Nam
433 3667 544 3723 alterius
562 3669 676 3739 sylloges
689 3699 721 3707 —
735 3669 768 3724 de
786 3681 839 3736 qna
856 3665 927 3721 idem
945 3665 1032 3721 senile
1049 3672 1132 3735 atque
1149 3665 1367 3721 (1111111111-

216 3752 319 3808 hardus
328 3752 551 3808 Waohsmnthine
565 3753 619 3809 Rh.
631 3753 668 3808 M.
679 3751 772 3806 XXIII
786 3768 814 3821 p.
825 3756 874 3806 315
884 3751 1091 3820 —prooemium
1109 3751 1185 3820 ipsos
1201 3751 1262 3808 illos
1280 3751 1368 3805 uersi·

149 3903 154 3910 ,
218 3838 294 3893 culos
313 3837 454 3893 continens
471 3837 516 3893 uel
528 3838 660 3907 Bergkius
678 3837 781 3892 anthol.
794 3853 821 3906 p;
831 3835 963 3892 XXXVII
978 3838 1094 3892 maxime
1106 3834 1270 3892 dubitationi
1282 3836 1369 3892 obno-

217 3923 291 3976 xium
309 3937 368 3977 esse
388 3923 513 3978 coneedit
526 3938 612 3992 neque
625 3939 652 3992 p.
662 3921 727 3976 XLI
739 3937 808 3992 quae
820 3922 922 3978 conicit
932 3922 1015 3977 ullam
1027 3921 1129 3977 habent
1139 3921 1368 3990 probabifitatem.

304 4010 330 4073 4)
348 4006 547 4064 Alexandrinus
565 4006 673 4062 uidetur
691 4023 752 4062 cnm
769 4011 881 4078 propter
899 4007 1020 4077 quintum
1039 4006 1134 4077 pedem
1152 4022 1258 4076 semper
1269 4022 1368 4077 purum
1462 4053 1463 4062 ,

216 4097 245 4147 11
267 4090 340 4146 arsIn
363 4107 499 4162 nunquam
521 4093 648 4159 solutam,
671 4095 729 4147 tum
753 4096 864 4163 propter
885 4098 1073 4162 argumentum
1097 4093 1169 4162 quod
1187 4091 1288 4162 opIIme
1307 4108 1369 4148 eum
