2938 4688
530 339 563 394 de
581 339 673 394 Babrii
690 341 787 395 aetate.

231 505 340 597 “cip
331 514 412 580 uitet
433 502 517 596 μοι”
544 505 675 598 φησινζ
677 503 762 576 ‘oric'
789 507 846 576 ἐὰν
868 516 983 597 μείνῃς

236 610 307 680 oiia'
335 606 374 680 οἷν
398 607 567 701 ἀπέλθῃς·
592 605 709 678 οὓόΝ
691 637 730 679 ou
768 597 907 699 ildag'
894 604 1069 697 oyucdaeco³'
1096 649 1137 660 --

84 724 119 784 at
141 717 249 785 hercle
264 717 380 783 Arabis
403 717 484 784 ictus
507 716 605 782 Balas
620 715 759 783 moriens
773 715 881 782 sensit.
860 715 1013 782 tOerte
1026 716 1139 782 horum
1154 735 1236 783 som·

84 819 209 886 nicrum
238 819 379 887 omnium
407 820 528 887 nullum
557 817 755 885 llaennclius
784 815 933 900 uidisset,
961 817 1023 884 nini
1051 818 1138 904 apud
1162 819 1236 887 Ale·

85 920 246 988 xandrum
268 923 382 989 Balarn
404 920 557 988 Babrium
585 918 707 986 uixisse
729 917 1001 986 demonstraturus
1023 920 1150 989 fuisset:
1179 921 1235 989 sed

84 1024 201 1091 mirum
225 1029 282 1108 est,
307 1043 403 1107 quam
425 1024 521 1107 longe
542 1020 681 1089 homiuis
703 1041 793 1087 mens
807 1022 971 1088 uoluntate
986 1043 1006 1088 a
1020 1041 1096 1089 uero
1112 1022 1239 1091 deflecti

83 1125 195 1211 possit.

172 1227 268 1295 Haud
290 1227 389 1294 multo
413 1225 586 1294 consultius
607 1224 719 1311 paucis
739 1225 831 1292 annis
846 1229 919 1311 post
932 1223 1043 1308 (1873)
1058 1225 1095 1293 ll.
1110 1229 1237 1295 Buch-

19 1359 21 1362 ·
85 1330 246 1398 holzius
269 1329 446 1414 disputarit
466 1329 499 1395 in
522 1328 624 1394 altera
645 1327 851 1411 anthologiae
873 1327 994 1412 lyricae
1010 1327 1154 1397 Graecae
1172 1331 1237 1398 cdi·

83 1433 173 1499 tione
200 1432 264 1498 uol.
286 1432 303 1496 Ι
323 1452 353 1516 Ρ.
370 1434 429 1516 99,
457 1430 512 1513 qui
533 1430 713 1498 Branchum
735 1428 911 1498 Alexandri
938 1431 1023 1517 regis
1044 1431 1144 1498 fillum
1167 1453 1239 1500 esse

84 1533 163 1598 dicit
197 1533 388 1601 Seleucidae
413 1533 621 1618 (Gutschm.),
650 1532 848 1619 Vespasiano
873 1532 1068 1618 imperatore
1094 1535 1238 1602 Ciliciam

83 1634 226 1720 regentis
241 1635 416 1720 (Lachm.);
441 1654 576 1717 quocum
599 1636 718 1721 optime
744 1633 922 1718 conuenire,
945 1634 1032 1717 quod
1051 1634 1238 1704 Seleucides

83 1757 158 1804 cum
173 1737 425 1806 Branchidarum
448 1737 577 1804 oraculo
600 1737 824 1805 commercium
843 1737 994 1804 habuisse
1009 1743 1133 1805 constet
1147 1737 1236 1832 (Gut-

84 1838 211 1922 sohm.).
261 1841 408 1907 Profecto
430 1839 616 1925 philologae
641 1839 838 1906 Lachmanni
860 1840 999 1907 rationes
1020 1844 1118 1923 atque
1140 1841 1238 1909 histo·

82 1943 172 2008 ricae
188 1941 402 2008 Gutschmidii
424 1942 532 2008 sitam
548 1947 624 2026 apte
639 1943 910 2026 coniungerentur,
933 1960 1089 2008 summam
1110 1942 1153 2009 ad
1167 1963 1237 2028 per-

84 2041 287 2111 suadendum
309 2043 466 2110 haherent
486 2043 561 2111 uim.
599 2042 666 2112 Sed
680 2043 866 2111 Alexander
886 2044 942 2111 ille
958 2042 1090 2112 Ciliciae
1109 2047 1238 2132 regulus

4 2133 5 2138 ¹
84 2153 174 2213 ortus
196 2168 259 2214 nou
283 2151 395 2212 estex
419 2144 658 2213 Seleucidarum
680 2147 813 2230 familia,
838 2147 936 2212 immo
959 2166 1000 2212 ex
1020 2151 1116 2230 geute
1138 2148 1239 2215 nobili

82 2247 218 2315 Iudaica
245 2246 413 2335 (Iosephus
441 2247 599 2330 antiquitt.
623 2248 747 2333 XVIII,
767 2254 785 2313 5
808 2270 838 2334 p.
863 2247 955 2332 886),
990 2247 1025 2314 id
1055 2249 1141 2332 quod
1168 2251 1238 2337 ipsc

81 2351 310 2417 Laohmannus
338 2371 369 2436 p.
392 2350 456 2416 XII
485 2351 640 2436 exposuit.
688 2351 808 2437 Aperte
838 2350 936 2435 igitur
957 2349 1145 2418 Buchholzii
1167 2371 1237 2419 sen-

83 2453 188 2518 tentia
209 2453 318 2518 nititur
341 2473 456 2519 errore.

175 2551 307 2620 Saniorc
335 2553 452 2620 iudicio
488 2574 565 2621 usus
598 2559 660 2635 est,
695 2555 749 2636 qui
781 2573 864 2620 anno
899 2559 980 2620 1875
1011 2549 1066 2620 ‘de
1100 2552 1239 2622 diutione

82 2647 262 2723 Babriana’
289 2655 588 2723 commentationem
617 2656 744 2722 doctam
773 2661 806 2723 et
834 2655 1019 2741 dihgentem
1042 2655 1237 2742 conscripsit,
1270 2643 1425 2772 s<

83 2757 147 2823 Th.
165 2756 411 2856 Zachariae
443 2759 476 2824 Is
491 2757 603 2824 Babrii
623 2762 763 2826 aetatem
786 2758 934 2842 cognosci
955 2778 1051 2844 posse
1065 2764 1163 2844 negat
1176 2759 1239 2826 nisi

84 2879 129 2925 ex
144 2859 213 2926 solo
228 2847 384 2944 sermone,
408 2880 478 2927 oum
492 2855 588 2943 quae
604 2880 622 2926 e
636 2879 845 2945 personarum
864 2859 1023 2928 mentione
1039 2862 1092 2928 uel
1109 2882 1126 2928 e
1142 2881 1238 2945 quae·

83 2961 243 3028 stionIbus
265 2961 406 3028 metricis
429 2962 501 3030 eIIci
523 2982 618 3048 posse
641 2962 805 3048 duxerint,
837 2984 876 3031 ea
900 2965 986 3031 aut
976 2984 1049 3050 rpsa
1070 2965 1239 3032 IncertIora

84 3063 151 3130 sint
181 3082 277 3145 quam
307 3083 390 3146 quae
411 3068 556 3150 tempore
578 3066 687 3150 aliquo
709 3064 829 3133 includi
854 3066 991 3152 possint,
1021 3071 1077 3134 aut
1098 3067 1239 3134 nondum

83 3165 129 3231 ad
144 3164 301 3248 liquidum
316 3158 482 3250 perducta
503 3166 548 3252 (p.
566 3166 610 3252 2).
646 3169 759 3251 Itaque
774 3189 846 3235 oum
862 3169 1025 3256 complura
1038 3167 1239 3250 indagauerit

83 3286 169 3348 quae
198 3287 269 3334 cum
298 3287 444 3334 sermone
473 3268 520 3335 alt
507 3269 606 3337 terlus
619 3292 666 3366 Ρ.
689 3269 775 3346 Chr.
784 3292 814 3337 n.
837 3271 959 3364 saeculi
980 3277 1170 3357 congruant,
1199 3295 1237 3342 eo

83 3370 156 3452 ipso
173 3369 325 3436 Babrium
347 3367 469 3437 uixisse
477 3361 655 3490 opinatur.
676 3357 844 3441 concedit
847 3359 957 3440 autem
974 3367 1090 3440 multa
1111 3394 1183 3443 esse
1205 3378 1238 3443 in

84 3472 137 3536 his
157 3471 285 3555 tabuIIs‚
308 3489 391 3555 quac
407 3478 439 3540 et
440 3472 504 3540 Iam
520 3473 621 3541 serius
636 3481 763 3560 tempus
778 3466 980 3561 monstrent,
1003 3475 1062 3543 sed
1077 3497 1125 3561 eo,
1152 3479 1238 3561 quod

83 3574 151 3639 iam
178 3573 352 3668 Dositheus
376 3580 408 3641 et
422 3575 566 3644 Iulianus
580 3577 733 3645 Babrium
754 3578 910 3662 nouerint,
932 3597 990 3644 nos
1017 3575 1195 3664 impediri‘
1198 3601 1238 3648 ne

84 3695 160 3740 eum
188 3669 282 3744 tertio
304 3677 432 3744 sacculo
454 3678 507 3744 uel
529 3679 641 3746 seriori
663 3701 744 3747 aeuo
770 3672 984 3762 assignamus'
1009 3679 1052 3764 (p.
1077 3681 1121 3762 3).
1165 3683 1237 3749 Meo

85 3775 217 3860 quidem
245 3778 362 3846 iudicio
391 3778 466 3844 hinc
495 3782 639 3863 sequitur
665 3783 762 3867 plane
787 3781 942 3848 incertam
968 3801 1038 3848 esse
1061 3784 1238 3864 quamlibet

84 3881 394 3964 argumentationem
422 3901 444 3946 a
471 3883 541 3948 sola
569 3883 679 3968 lingua
704 3884 972 3970 proficiscentem,
1001 3886 1187 3968 praesertim
1210 3887 1238 3955 si

84 3983 119 4048 in
142 3983 337 4067 singularum
359 3983 554 4050 locutionum
576 3984 673 4054 fidem
697 3994 729 4056 et
743 3987 964 4055 auctoritatem
978 4004 1043 4052 non
1058 3990 1237 4058 accuratius

84 4083 291 4167 inquisiueris
314 4103 410 4167 quam
432 4085 596 4170 inquisiuit
610 4089 801 4160 Zachariae:
825 4108 900 4154 narn
922 4087 1003 4154 sicut
1025 4088 1110 4155 tertii
1133 4092 1238 4175 quarti

136 4193 252 4245 Leipzigcr
265 4193 366 4236 Studien.
393 4193 420 4235 11.
1003 4211 1031 4260 11
