<?xml version="1.0" encoding="UTF-8"?>
<!DOCTYPE html PUBLIC "-//W3C//DTD XHTML 1.0 Transitional//EN"
    "http://www.w3.org/TR/xhtml1/DTD/xhtml1-transitional.dtd">
<html xmlns="http://www.w3.org/1999/xhtml" xml:lang="en" lang="en">
 <head>
  <title>
</title>
<meta http-equiv="Content-Type" content="text/html;charset=utf-8" />
  <meta name='ocr-system' content='tesseract 3.04.00' />
  <meta name='ocr-capabilities' content='ocr_page ocr_carea ocr_par ocr_line ocrx_word'/>
</head>
<body>
  <div class='ocr_page' id='page_1' title='image "./debabriiaetate00crusgoog_0097.png"; bbox 0 0 2934 4690; ppageno 0'>
   <div class='ocr_carea' id='block_1_1' title="bbox 257 356 928 417">
    <p class='ocr_par' dir='ltr' id='par_1_1' title="bbox 257 356 928 417">
     <span class='ocr_line' id='line_1_1' title="bbox 257 356 928 417; baseline -0.001 0"><span class='ocrx_word' id='word_1_1' title='bbox 257 356 318 417; x_wconf 81' lang='lat'>214</span> <span class='ocrx_word' id='word_1_2' title='bbox 735 361 798 416; x_wconf 91' lang='lat' dir='ltr'>Otto</span> <span class='ocrx_word' id='word_1_3' title='bbox 818 361 928 416; x_wconf 80' lang='lat' dir='ltr'>Crusius</span> 
     </span>
    </p>
   </div>
   <div class='ocr_carea' id='block_1_2' title="bbox 208 531 1465 3154">
    <p class='ocr_par' dir='ltr' id='par_1_2' title="bbox 253 531 1408 1024">
     <span class='ocr_line' id='line_1_2' title="bbox 255 531 1405 618; baseline 0.002 -20"><span class='ocrx_word' id='word_1_4' title='bbox 255 533 345 600; x_wconf 88' lang='lat' dir='ltr'>Haec</span> <span class='ocrx_word' id='word_1_5' title='bbox 370 533 512 599; x_wconf 88' lang='lat' dir='ltr'>dicentes</span> <span class='ocrx_word' id='word_1_6' title='bbox 535 552 612 600; x_wconf 92' lang='lat' dir='ltr'>oues</span> <span class='ocrx_word' id='word_1_7' title='bbox 634 533 756 600; x_wconf 87' lang='lat' dir='ltr'>laniare</span> <span class='ocrx_word' id='word_1_8' title='bbox 778 538 948 618; x_wconf 87' lang='lat' dir='ltr'>coeperunt</span> <span class='ocrx_word' id='word_1_9' title='bbox 969 533 1056 600; x_wconf 92' lang='lat' dir='ltr'>nullo</span> <span class='ocrx_word' id='word_1_10' title='bbox 1078 538 1181 599; x_wconf 89' lang='lat' dir='ltr'>tutore</span> <span class='ocrx_word' id='word_1_11' title='bbox 1210 531 1405 600; x_wconf 86' lang='lat' dir='ltr'>adiutorium</span> 
     </span>
     <span class='ocr_line' id='line_1_3' title="bbox 254 627 1408 724; baseline 0 -25"><span class='ocrx_word' id='word_1_12' title='bbox 254 639 454 724; x_wconf 84' lang='lat' dir='ltr'>praestante,</span> <span class='ocrx_word' id='word_1_13' title='bbox 483 635 570 701; x_wconf 93' lang='lat' dir='ltr'>nullo</span> <span class='ocrx_word' id='word_1_14' title='bbox 592 639 725 719; x_wconf 88' lang='lat' dir='ltr'>patrono</span> <span class='ocrx_word' id='word_1_15' title='bbox 748 627 955 702; x_wconf 74' lang='lat' dir='ltr'>defendente?</span> <span class='ocrx_word' id='word_1_16' title='bbox 1003 633 1096 701; x_wconf 78' lang='lat' dir='ltr'>Certe</span> <span class='ocrx_word' id='word_1_17' title='bbox 1123 634 1322 719; x_wconf 82' lang='lat' dir='ltr'>probabilius</span> <span class='ocrx_word' id='word_1_18' title='bbox 1355 641 1408 702; x_wconf 89' lang='lat' dir='ltr'>est</span> 
     </span>
     <span class='ocr_line' id='line_1_4' title="bbox 255 735 1406 821; baseline -0.001 -16"><span class='ocrx_word' id='word_1_19' title='bbox 255 739 371 805; x_wconf 86' lang='lat' dir='ltr'>exilem</span> <span class='ocrx_word' id='word_1_20' title='bbox 392 737 534 803; x_wconf 84' lang='lat' dir='ltr'>fabulam</span> <span class='ocrx_word' id='word_1_21' title='bbox 557 735 749 802; x_wconf 87' lang='lat' dir='ltr'>Babrianam</span> <span class='ocrx_word' id='word_1_22' title='bbox 772 740 954 821; x_wconf 77' lang='lat' dir='ltr'>excerptam</span> <span class='ocrx_word' id='word_1_23' title='bbox 983 755 1054 802; x_wconf 91' lang='lat' dir='ltr'>esse</span> <span class='ocrx_word' id='word_1_24' title='bbox 1076 754 1118 801; x_wconf 86' lang='lat' dir='ltr'>ex</span> <span class='ocrx_word' id='word_1_25' title='bbox 1139 735 1308 804; x_wconf 87' lang='lat' dir='ltr'>Phaedrea</span> <span class='ocrx_word' id='word_1_26' title='bbox 1330 758 1406 804; x_wconf 91' lang='lat' dir='ltr'>con-</span> 
     </span>
     <span class='ocr_line' id='line_1_5' title="bbox 255 837 1408 922; baseline 0 -17"><span class='ocrx_word' id='word_1_27' title='bbox 255 839 347 905; x_wconf 89' lang='lat' dir='ltr'>cinna</span> <span class='ocrx_word' id='word_1_28' title='bbox 369 844 401 906; x_wconf 93' lang='lat' dir='ltr'>et</span> <span class='ocrx_word' id='word_1_29' title='bbox 422 839 530 921; x_wconf 87' lang='lat' dir='ltr'>ampla</span> <span class='ocrx_word' id='word_1_30' title='bbox 552 873 594 884; x_wconf 91' lang='lat'>·—</span> <span class='ocrx_word' id='word_1_31' title='bbox 616 837 697 904; x_wconf 86' lang='lat' dir='ltr'>sicut</span> <span class='ocrx_word' id='word_1_32' title='bbox 718 838 782 904; x_wconf 86' lang='lat' dir='ltr'>fab.</span> <span class='ocrx_word' id='word_1_33' title='bbox 799 841 838 904; x_wconf 85' lang='lat'>33</span> <span class='ocrx_word' id='word_1_34' title='bbox 862 873 918 922; x_wconf 85' lang='lat'>-,</span> <span class='ocrx_word' id='word_1_35' title='bbox 949 857 1045 919; x_wconf 88' lang='lat' dir='ltr'>quam</span> <span class='ocrx_word' id='word_1_36' title='bbox 1067 838 1150 904; x_wconf 87' lang='lat' dir='ltr'>hane</span> <span class='ocrx_word' id='word_1_37' title='bbox 1172 844 1347 904; x_wconf 89' lang='lat' dir='ltr'>correctam</span> <span class='ocrx_word' id='word_1_38' title='bbox 1372 846 1408 905; x_wconf 87' lang='lat' dir='ltr'>et</span> 
     </span>
     <span class='ocr_line' id='line_1_6' title="bbox 253 939 1179 1024; baseline -0.004 -18"><span class='ocrx_word' id='word_1_39' title='bbox 253 947 378 1008; x_wconf 86' lang='lat' dir='ltr'>auctam</span> <span class='ocrx_word' id='word_1_40' title='bbox 402 944 503 1008; x_wconf 90' lang='lat' dir='ltr'>ortam</span> <span class='ocrx_word' id='word_1_41' title='bbox 526 958 597 1007; x_wconf 90' lang='lat' dir='ltr'>esse</span> <span class='ocrx_word' id='word_1_42' title='bbox 620 960 660 1006; x_wconf 87' lang='lat' dir='ltr'>ex</span> <span class='ocrx_word' id='word_1_43' title='bbox 682 939 748 1005; x_wconf 86' lang='lat' dir='ltr'>illa.</span> <span class='ocrx_word' id='word_1_44' title='bbox 1175 1016 1179 1024; x_wconf 24' lang='lat'>¹</span> 
     </span>
    </p>

    <p class='ocr_par' dir='ltr' id='par_1_3' title="bbox 251 1039 1408 1738">
     <span class='ocr_line' id='line_1_7' title="bbox 338 1039 1407 1126; baseline 0 -19"><span class='ocrx_word' id='word_1_45' title='bbox 338 1042 387 1109; x_wconf 88' lang='lat' dir='ltr'>Ne</span> <span class='ocrx_word' id='word_1_46' title='bbox 401 1041 434 1106; x_wconf 93' lang='lat' dir='ltr'>in</span> <span class='ocrx_word' id='word_1_47' title='bbox 451 1041 562 1108; x_wconf 87' lang='lat' dir='ltr'>fabula</span> <span class='ocrx_word' id='word_1_48' title='bbox 576 1044 617 1105; x_wconf 85' lang='grc'>95</span> <span class='ocrx_word' id='word_1_49' title='bbox 640 1039 778 1126; x_wconf 85' lang='lat' dir='ltr'>quidem,</span> <span class='ocrx_word' id='word_1_50' title='bbox 802 1040 1033 1107; x_wconf 85' lang='lat' dir='ltr'>Babrianarum</span> <span class='ocrx_word' id='word_1_51' title='bbox 1055 1040 1194 1108; x_wconf 90' lang='lat' dir='ltr'>omnium</span> <span class='ocrx_word' id='word_1_52' title='bbox 1217 1042 1312 1124; x_wconf 82' lang='lat' dir='ltr'>longe</span> <span class='ocrx_word' id='word_1_53' title='bbox 1333 1041 1407 1126; x_wconf 93' lang='lat' dir='ltr'>pul-</span> 
     </span>
     <span class='ocr_line' id='line_1_8' title="bbox 254 1141 1408 1228; baseline -0.002 -18"><span class='ocrx_word' id='word_1_54' title='bbox 254 1144 420 1227; x_wconf 88' lang='lat' dir='ltr'>cherrima,</span> <span class='ocrx_word' id='word_1_55' title='bbox 441 1144 577 1228; x_wconf 87' lang='lat' dir='ltr'>pristina</span> <span class='ocrx_word' id='word_1_56' title='bbox 597 1144 700 1211; x_wconf 84' lang='lat' dir='ltr'>forma</span> <span class='ocrx_word' id='word_1_57' title='bbox 721 1142 817 1228; x_wconf 87' lang='lat' dir='ltr'>plane</span> <span class='ocrx_word' id='word_1_58' title='bbox 839 1143 964 1225; x_wconf 84' lang='lat' dir='ltr'>integra</span> <span class='ocrx_word' id='word_1_59' title='bbox 985 1148 1114 1209; x_wconf 86' lang='lat' dir='ltr'>seruata</span> <span class='ocrx_word' id='word_1_60' title='bbox 1135 1142 1270 1208; x_wconf 88' lang='lat' dir='ltr'>uidetur.</span> <span class='ocrx_word' id='word_1_61' title='bbox 1309 1141 1408 1227; x_wconf 85' lang='lat' dir='ltr'>Legi-</span> 
     </span>
     <span class='ocr_line' id='line_1_9' title="bbox 255 1242 1407 1330; baseline -0.003 -18"><span class='ocrx_word' id='word_1_62' title='bbox 255 1265 324 1312; x_wconf 87' lang='lat' dir='ltr'>mus</span> <span class='ocrx_word' id='word_1_63' title='bbox 347 1244 538 1330; x_wconf 89' lang='lat' dir='ltr'>enim·apud</span> <span class='ocrx_word' id='word_1_64' title='bbox 553 1245 722 1313; x_wconf 80' lang='lat' dir='ltr'><strong>Aelianum</strong></span> <span class='ocrx_word' id='word_1_65' title='bbox 744 1249 890 1311; x_wconf 74' lang='lat' dir='ltr'><strong>auctores</strong></span> <span class='ocrx_word' id='word_1_66' title='bbox 911 1242 1147 1310; x_wconf 82' lang='lat' dir='ltr'>Alexandrinos</span> <span class='ocrx_word' id='word_1_67' title='bbox 1169 1243 1407 1310; x_wconf 85' lang='lat' dir='ltr'>exscribentem</span> 
     </span>
     <span class='ocr_line' id='line_1_10' title="bbox 252 1336 1408 1434; baseline -0.003 -22"><span class='ocrx_word' id='word_1_68' title='bbox 252 1347 306 1430; x_wconf 91' lang='lat' dir='ltr'>IV,</span> <span class='ocrx_word' id='word_1_69' title='bbox 328 1350 379 1412; x_wconf 83' lang='lat'>13:</span> <span class='ocrx_word' id='word_1_70' title='bbox 399 1340 435 1413; x_wconf 90' lang='lat'>‘0</span> <span class='ocrx_word' id='word_1_71' title='bbox 450 1344 584 1434; x_wconf 72' lang='grc' dir='ltr'><em>ἔλαφος,</em></span> <span class='ocrx_word' id='word_1_72' title='bbox 609 1341 654 1422; x_wconf 80' lang='grc' dir='ltr'>ὥς</span> <span class='ocrx_word' id='word_1_73' title='bbox 671 1337 789 1424; x_wconf 78' lang='grc' dir='ltr'><em>ἀκούω,</em></span> <span class='ocrx_word' id='word_1_74' title='bbox 812 1342 853 1409; x_wconf 82' lang='grc' dir='ltr'>τὰ</span> <span class='ocrx_word' id='word_1_75' title='bbox 868 1342 1021 1431; x_wconf 81' lang='grc' dir='ltr'><em>παρόντα</em></span> <span class='ocrx_word' id='word_1_76' title='bbox 1038 1336 1154 1432; x_wconf 74' lang='grc' dir='ltr'><em>ἀγαπᾷ</em></span> <span class='ocrx_word' id='word_1_77' title='bbox 1167 1345 1223 1412; x_wconf 84' lang='grc' dir='ltr'>καὶ</span> <span class='ocrx_word' id='word_1_78' title='bbox 1247 1337 1315 1409; x_wconf 75' lang='grc' dir='ltr'>οὐκ</span> <span class='ocrx_word' id='word_1_79' title='bbox 1332 1341 1408 1430; x_wconf 77' lang='grc' dir='ltr'>ἐρᾷ</span> 
     </span>
     <span class='ocr_line' id='line_1_11' title="bbox 252 1439 1407 1534; baseline -0.001 -22"><span class='ocrx_word' id='word_1_80' title='bbox 252 1446 477 1527; x_wconf 87' lang='grc' dir='ltr'><em>πλειόνων,</em></span> <span class='ocrx_word' id='word_1_81' title='bbox 502 1439 604 1512; x_wconf 75' lang='grc' dir='ltr'><em>ἀλλὰ</em></span> <span class='ocrx_word' id='word_1_82' title='bbox 624 1458 837 1534; x_wconf 86' lang='grc' dir='ltr'><em>σωφρονεῖ</em></span> <span class='ocrx_word' id='word_1_83' title='bbox 858 1449 955 1534; x_wconf 81' lang='grc' dir='ltr'><em>περὶ</em></span> <span class='ocrx_word' id='word_1_84' title='bbox 976 1445 1043 1534; x_wconf 78' lang='grc' dir='ltr'>τὴν</span> <span class='ocrx_word' id='word_1_85' title='bbox 1065 1451 1248 1534; x_wconf 75' lang='grc' dir='ltr'><em>γαστέρα</em></span> <span class='ocrx_word' id='word_1_86' title='bbox 1262 1448 1329 1511; x_wconf 79' lang='grc' dir='ltr'>τῶν</span> <span class='ocrx_word' id='word_1_87' title='bbox 1347 1439 1407 1511; x_wconf 81' lang='grc' dir='ltr'>ἇν-</span> 
     </span>
     <span class='ocr_line' id='line_1_12' title="bbox 251 1544 1405 1637; baseline -0.002 -23"><span class='ocrx_word' id='word_1_88' title='bbox 251 1549 404 1637; x_wconf 79' lang='grc' dir='ltr'><em>θριάπων</em></span> <span class='ocrx_word' id='word_1_89' title='bbox 418 1549 555 1632; x_wconf 83' lang='grc' dir='ltr'><em>μᾶλλον.</em></span> <span class='ocrx_word' id='word_1_90' title='bbox 589 1549 676 1634; x_wconf 83' lang='grc' dir='ltr'><em>Περὶ</em></span> <span class='ocrx_word' id='word_1_91' title='bbox 690 1551 768 1634; x_wconf 79' lang='grc' dir='ltr'><em>γοῦν</em></span> <span class='ocrx_word' id='word_1_92' title='bbox 788 1544 1105 1636; x_wconf 77' lang='grc' dir='ltr'><em>τὸνἜλλήσποντόν</em></span> <span class='ocrx_word' id='word_1_93' title='bbox 1128 1545 1200 1614; x_wconf 77' lang='grc' dir='ltr'><em>ἐστι</em></span> <span class='ocrx_word' id='word_1_94' title='bbox 1222 1547 1326 1635; x_wconf 81' lang='grc' dir='ltr'><strong><em>λόφος</em></strong></span> <span class='ocrx_word' id='word_1_95' title='bbox 1349 1551 1405 1612; x_wconf 75' lang='grc' dir='ltr'>καὶ</span> 
     </span>
     <span class='ocr_line' id='line_1_13' title="bbox 252 1641 1406 1738; baseline -0.002 -22"><span class='ocrx_word' id='word_1_96' title='bbox 252 1655 408 1735; x_wconf 78' lang='grc' dir='ltr'><em>νέμονται</em></span> <span class='ocrx_word' id='word_1_97' title='bbox 422 1647 505 1716; x_wconf 81' lang='grc' dir='ltr'><em>κατὰ</em></span> <span class='ocrx_word' id='word_1_98' title='bbox 520 1648 618 1714; x_wconf 80' lang='grc' dir='ltr'><em>τοῦδε</em></span> <span class='ocrx_word' id='word_1_99' title='bbox 634 1647 764 1738; x_wconf 71' lang='grc' dir='ltr'><em>ἔλαφοι,</em></span> <span class='ocrx_word' id='word_1_100' title='bbox 787 1652 937 1717; x_wconf 76' lang='grc' dir='ltr'><em>καὶτῶν</em></span> <span class='ocrx_word' id='word_1_101' title='bbox 953 1644 1061 1716; x_wconf 81' lang='grc' dir='ltr'><em>ὤτων</em></span> <span class='ocrx_word' id='word_1_102' title='bbox 1084 1641 1224 1726; x_wconf 72' lang='grc' dir='ltr'><em>αὐτοῖς</em></span> <span class='ocrx_word' id='word_1_103' title='bbox 1246 1647 1291 1714; x_wconf 80' lang='grc' dir='ltr'>τὸ</span> <span class='ocrx_word' id='word_1_104' title='bbox 1316 1648 1406 1716; x_wconf 74' lang='grc' dir='ltr'><strong><em>ἕτε-</em></strong></span> 
     </span>
    </p>

    <p class='ocr_par' dir='ltr' id='par_1_4' title="bbox 208 1743 1465 3154">
     <span class='ocr_line' id='line_1_14' title="bbox 208 1743 1406 1840; baseline -0.002 -22"><span class='ocrx_word' id='word_1_105' title='bbox 208 1750 211 1755; x_wconf 62' lang='grc'><strong>’</strong></span> <span class='ocrx_word' id='word_1_106' title='bbox 252 1777 321 1839; x_wconf 93' lang='grc' dir='ltr'>ρον</span> <span class='ocrx_word' id='word_1_107' title='bbox 344 1751 596 1833; x_wconf 81' lang='grc' dir='ltr'><em>ὁιέσχισται,</em></span> <span class='ocrx_word' id='word_1_108' title='bbox 620 1755 808 1840; x_wconf 77' lang='grc' dir='ltr'><em>περαιτέρω</em></span> <span class='ocrx_word' id='word_1_109' title='bbox 825 1751 860 1817; x_wconf 78' lang='grc' dir='ltr'>δὲ</span> <span class='ocrx_word' id='word_1_110' title='bbox 876 1745 914 1818; x_wconf 77' lang='grc' dir='ltr'>οὗ</span> <span class='ocrx_word' id='word_1_111' title='bbox 926 1754 1073 1838; x_wconf 82' lang='grc' dir='ltr'><em>χωροῦσι</em></span> <span class='ocrx_word' id='word_1_112' title='bbox 1089 1753 1148 1816; x_wconf 78' lang='grc' dir='ltr'>τοῦ</span> <span class='ocrx_word' id='word_1_113' title='bbox 1170 1749 1286 1838; x_wconf 79' lang='grc' dir='ltr'><em>λόφου,</em></span> <span class='ocrx_word' id='word_1_114' title='bbox 1310 1743 1406 1816; x_wconf 74' lang='grc' dir='ltr'>οὐδὲ</span> 
     </span>
     <span class='ocr_line' id='line_1_15' title="bbox 252 1847 1405 1942; baseline -0.002 -23"><span class='ocrx_word' id='word_1_115' title='bbox 252 1856 377 1942; x_wconf 80' lang='grc' dir='ltr'><em>νομῆς</em></span> <span class='ocrx_word' id='word_1_116' title='bbox 400 1851 524 1938; x_wconf 79' lang='grc' dir='ltr'><em>ἒριῦσι</em></span> <span class='ocrx_word' id='word_1_117' title='bbox 547 1851 679 1940; x_wconf 82' lang='grc' dir='ltr'><strong><em>ξένης,</em></strong></span> <span class='ocrx_word' id='word_1_118' title='bbox 710 1847 805 1918; x_wconf 74' lang='grc' dir='ltr'>οὐδὲ</span> <span class='ocrx_word' id='word_1_119' title='bbox 834 1854 1042 1936; x_wconf 75' lang='grc' dir='ltr'><em>λειμῶνας</em></span> <span class='ocrx_word' id='word_1_120' title='bbox 1071 1855 1285 1918; x_wconf 71' lang='grc' dir='ltr'><em>ποθοῦσιν</em></span> <span class='ocrx_word' id='word_1_121' title='bbox 1314 1850 1405 1918; x_wconf 79' lang='grc' dir='ltr'><em>ἑτέ-</em></span> 
     </span>
     <span class='ocr_line' id='line_1_16' title="bbox 253 1953 1465 2042; baseline 0.002 -21"><span class='ocrx_word' id='word_1_122' title='bbox 253 1980 361 2042; x_wconf 85' lang='grc' dir='ltr'><em>ρους,</em></span> <span class='ocrx_word' id='word_1_123' title='bbox 391 1953 497 2031; x_wconf 84' lang='grc' dir='ltr'><em>πόας</em></span> <span class='ocrx_word' id='word_1_124' title='bbox 523 1959 641 2042; x_wconf 78' lang='grc' dir='ltr'><em>χρελᾳ</em></span> <span class='ocrx_word' id='word_1_125' title='bbox 670 1958 976 2042; x_wconf 80' lang='grc' dir='ltr'><em>περιυτοσέρας</em></span> <span class='ocrx_word' id='word_1_126' title='bbox 1000 1956 1067 2020; x_wconf 83' lang='grc' dir='ltr'><em>κτλ.</em></span> <span class='ocrx_word' id='word_1_127' title='bbox 1113 1953 1254 2032; x_wconf 78' lang='lat' dir='ltr'>Quocum</span> <span class='ocrx_word' id='word_1_128' title='bbox 1278 1975 1405 2039; x_wconf 85' lang='lat' dir='ltr'>compo·</span> <span class='ocrx_word' id='word_1_129' title='bbox 1464 1965 1465 2024; x_wconf 76' lang='lat' dir='ltr'>l</span> 
     </span>
     <span class='ocr_line' id='line_1_17' title="bbox 251 2049 1465 2142; baseline -0.002 -18"><span class='ocrx_word' id='word_1_130' title='bbox 251 2058 390 2125; x_wconf 87' lang='lat' dir='ltr'>nendum</span> <span class='ocrx_word' id='word_1_131' title='bbox 413 2063 462 2123; x_wconf 81' lang='lat' dir='ltr'>est</span> <span class='ocrx_word' id='word_1_132' title='bbox 483 2057 613 2124; x_wconf 83' lang='lat' dir='ltr'>Aristot.</span> <span class='ocrx_word' id='word_1_133' title='bbox 638 2057 709 2124; x_wconf 82' lang='lat' dir='ltr'>hist.</span> <span class='ocrx_word' id='word_1_134' title='bbox 735 2079 785 2124; x_wconf 85' lang='lat' dir='ltr'>an.</span> <span class='ocrx_word' id='word_1_135' title='bbox 807 2057 934 2142; x_wconf 78' lang='lat' dir='ltr'>V1‚28:</span> <span class='ocrx_word' id='word_1_136' title='bbox 961 2054 994 2122; x_wconf 81' lang='grc' dir='ltr'>ἒν</span> <span class='ocrx_word' id='word_1_137' title='bbox 1017 2055 1052 2121; x_wconf 78' lang='grc' dir='ltr'>δὲ</span> <span class='ocrx_word' id='word_1_138' title='bbox 1074 2057 1122 2141; x_wconf 73' lang='grc' dir='ltr'>τῷ</span> <span class='ocrx_word' id='word_1_139' title='bbox 1144 2049 1217 2141; x_wconf 74' lang='grc' dir='ltr'><em>ὄρει</em></span> <span class='ocrx_word' id='word_1_140' title='bbox 1238 2059 1286 2141; x_wconf 78' lang='grc' dir='ltr'>τῴ</span> <span class='ocrx_word' id='word_1_141' title='bbox 1304 2049 1404 2121; x_wconf 82' lang='grc' dir='ltr'><em>Ἐλα-</em></span> <span class='ocrx_word' id='word_1_142' title='bbox 1464 2059 1465 2084; x_wconf 61' lang='lat'><em>⁴</em></span> 
     </span>
     <span class='ocr_line' id='line_1_18' title="bbox 252 2141 1465 2246; baseline 0 -24"><span class='ocrx_word' id='word_1_143' title='bbox 252 2157 376 2246; x_wconf 83' lang='grc' dir='ltr'><em>φώενυι</em></span> <span class='ocrx_word' id='word_1_144' title='bbox 396 2159 597 2243; x_wconf 78' lang='grc' dir='ltr'><em>καλουμένῳ,</em></span> <span class='ocrx_word' id='word_1_145' title='bbox 620 2151 639 2222; x_wconf 82' lang='lat' dir='ltr'>b‘</span> <span class='ocrx_word' id='word_1_146' title='bbox 662 2156 733 2223; x_wconf 78' lang='grc' dir='ltr'><em>ἐστι</em></span> <span class='ocrx_word' id='word_1_147' title='bbox 754 2161 813 2246; x_wconf 77' lang='grc' dir='ltr'>τῆς</span> <span class='ocrx_word' id='word_1_148' title='bbox 829 2151 945 2235; x_wconf 77' lang='grc' dir='ltr'><em>Ἀσίας</em></span> <span class='ocrx_word' id='word_1_149' title='bbox 968 2156 1001 2223; x_wconf 80' lang='grc' dir='ltr'>ἐν</span> <span class='ocrx_word' id='word_1_150' title='bbox 1023 2149 1274 2244; x_wconf 79' lang='grc' dir='ltr'><em>νῇἈργινούσῃ</em></span> <span class='ocrx_word' id='word_1_151' title='bbox 1292 2206 1299 2222; x_wconf 92' lang='grc'><strong>.</strong></span> <span class='ocrx_word' id='word_1_152' title='bbox 1318 2208 1324 2222; x_wconf 96' lang='grc'><em>.</em></span> <span class='ocrx_word' id='word_1_153' title='bbox 1343 2208 1349 2222; x_wconf 96' lang='grc'><em>.</em></span> <span class='ocrx_word' id='word_1_154' title='bbox 1369 2158 1403 2222; x_wconf 82' lang='grc' dir='ltr'>αἱ</span> <span class='ocrx_word' id='word_1_155' title='bbox 1464 2141 1465 2164; x_wconf 45' lang='lat'>¹</span> 
     </span>
     <span class='ocr_line' id='line_1_19' title="bbox 252 2244 1403 2346; baseline 0 -22"><span class='ocrx_word' id='word_1_156' title='bbox 252 2258 374 2346; x_wconf 74' lang='grc' dir='ltr'><em>’ἔλαφοι</em></span> <span class='ocrx_word' id='word_1_157' title='bbox 396 2262 506 2325; x_wconf 80' lang='grc' dir='ltr'><em>πᾶσαι</em></span> <span class='ocrx_word' id='word_1_158' title='bbox 527 2257 571 2324; x_wconf 81' lang='grc' dir='ltr'>τὸ</span> <span class='ocrx_word' id='word_1_159' title='bbox 596 2244 665 2335; x_wconf 70' lang='grc' dir='ltr'>οὖς</span> <span class='ocrx_word' id='word_1_160' title='bbox 688 2257 931 2343; x_wconf 79' lang='grc' dir='ltr'><em>ἐσχισμέναι</em></span> <span class='ocrx_word' id='word_1_161' title='bbox 954 2258 1054 2339; x_wconf 77' lang='grc' dir='ltr'><em>εἰσίν,</em></span> <span class='ocrx_word' id='word_1_162' title='bbox 1079 2250 1164 2322; x_wconf 77' lang='grc' dir='ltr'><em>ὥστε</em></span> <span class='ocrx_word' id='word_1_163' title='bbox 1186 2247 1246 2324; x_wconf 66' lang='grc' dir='ltr'>κᾶν</span> <span class='ocrx_word' id='word_1_164' title='bbox 1269 2255 1403 2324; x_wconf 76' lang='grc' dir='ltr'><em>ἐκτοπί-</em></span> 
     </span>
     <span class='ocr_line' id='line_1_20' title="bbox 253 2359 1402 2447; baseline -0.001 -21"><span class='ocrx_word' id='word_1_165' title='bbox 253 2382 338 2427; x_wconf 89' lang='grc' dir='ltr'><em>σωσι</em></span> <span class='ocrx_word' id='word_1_166' title='bbox 352 2360 578 2446; x_wconf 75' lang='grc' dir='ltr'><em>γινώσκεσθαι</em></span> <span class='ocrx_word' id='word_1_167' title='bbox 593 2359 700 2447; x_wconf 77' lang='grc' dir='ltr'><em>τούτῳ</em></span> <span class='ocrx_word' id='word_1_168' title='bbox 718 2362 784 2426; x_wconf 83' lang='grc' dir='ltr'><em>κτλ.</em></span> <span class='ocrx_word' id='word_1_169' title='bbox 794 2367 825 2443; x_wconf 88' lang='grc'>1),</span> <span class='ocrx_word' id='word_1_170' title='bbox 848 2369 946 2445; x_wconf 84' lang='lat' dir='ltr'>atque</span> <span class='ocrx_word' id='word_1_171' title='bbox 959 2360 1040 2428; x_wconf 84' lang='lat' dir='ltr'>Plin.</span> <span class='ocrx_word' id='word_1_172' title='bbox 1057 2361 1130 2426; x_wconf 83' lang='lat' dir='ltr'>hist.</span> <span class='ocrx_word' id='word_1_173' title='bbox 1146 2366 1210 2426; x_wconf 84' lang='lat' dir='ltr'>nat.</span> <span class='ocrx_word' id='word_1_174' title='bbox 1226 2360 1311 2445; x_wconf 85' lang='lat' dir='ltr'>VIII,</span> <span class='ocrx_word' id='word_1_175' title='bbox 1326 2363 1402 2425; x_wconf 78' lang='lat'><strong>225:</strong></span> 
     </span>
     <span class='ocr_line' id='line_1_21' title="bbox 250 2457 1403 2548; baseline -0.003 -19"><span class='ocrx_word' id='word_1_176' title='bbox 250 2457 296 2529; x_wconf 89' lang='lat' dir='ltr'>‘in</span> <span class='ocrx_word' id='word_1_177' title='bbox 317 2463 526 2548; x_wconf 81' lang='lat' dir='ltr'>Hellesponto</span> <span class='ocrx_word' id='word_1_178' title='bbox 549 2463 587 2527; x_wconf 93' lang='lat' dir='ltr'>in</span> <span class='ocrx_word' id='word_1_179' title='bbox 609 2463 767 2529; x_wconf 84' lang='lat' dir='ltr'>alleuos</span> <span class='ocrx_word' id='word_1_180' title='bbox 789 2464 898 2530; x_wconf 88' lang='lat' dir='ltr'>fines</span> <span class='ocrx_word' id='word_1_181' title='bbox 921 2483 996 2530; x_wconf 92' lang='lat' dir='ltr'>non</span> <span class='ocrx_word' id='word_1_182' title='bbox 1019 2469 1235 2529; x_wconf 88' lang='lat' dir='ltr'>conmeunt</span> <span class='ocrx_word' id='word_1_183' title='bbox 1263 2461 1351 2528; x_wconf 89' lang='lat' dir='ltr'>cerui</span> <span class='ocrx_word' id='word_1_184' title='bbox 1373 2467 1403 2527; x_wconf 89' lang='lat' dir='ltr'>et</span> 
     </span>
     <span class='ocr_line' id='line_1_22' title="bbox 252 2562 1403 2649; baseline -0.003 -17"><span class='ocrx_word' id='word_1_185' title='bbox 252 2565 336 2632; x_wconf 90' lang='lat' dir='ltr'>circa</span> <span class='ocrx_word' id='word_1_186' title='bbox 357 2564 565 2648; x_wconf 72' lang='lat' dir='ltr'>Arginussam</span> <span class='ocrx_word' id='word_1_187' title='bbox 588 2564 748 2649; x_wconf 83' lang='lat' dir='ltr'>Elaphum</span> <span class='ocrx_word' id='word_1_188' title='bbox 773 2571 911 2632; x_wconf 90' lang='lat' dir='ltr'>montem</span> <span class='ocrx_word' id='word_1_189' title='bbox 939 2585 1002 2631; x_wconf 93' lang='lat' dir='ltr'>non</span> <span class='ocrx_word' id='word_1_190' title='bbox 1031 2562 1205 2645; x_wconf 85' lang='lat' dir='ltr'>excedunt,</span> <span class='ocrx_word' id='word_1_191' title='bbox 1235 2563 1403 2630; x_wconf 87' lang='lat' dir='ltr'>auribus</span> 
     </span>
     <span class='ocr_line' id='line_1_23' title="bbox 253 2657 1403 2762; baseline -0.003 -29"><span class='ocrx_word' id='word_1_192' title='bbox 253 2666 378 2733; x_wconf 87' lang='lat' dir='ltr'>etiam</span> <span class='ocrx_word' id='word_1_193' title='bbox 399 2665 439 2731; x_wconf 91' lang='lat' dir='ltr'>in</span> <span class='ocrx_word' id='word_1_194' title='bbox 461 2672 593 2762; x_wconf 77' lang='lat' dir='ltr'>mepta</span> <span class='ocrx_word' id='word_1_195' title='bbox 615 2657 743 2732; x_wconf 77' lang='lat' dir='ltr'>fissis’</span> <span class='ocrx_word' id='word_1_196' title='bbox 770 2701 809 2710; x_wconf 92' lang='lat'>-—</span> <span class='ocrx_word' id='word_1_197' title='bbox 833 2666 948 2748; x_wconf 89' lang='lat' dir='ltr'>quibus</span> <span class='ocrx_word' id='word_1_198' title='bbox 969 2667 1048 2731; x_wconf 89' lang='lat' dir='ltr'>locis</span> <span class='ocrx_word' id='word_1_199' title='bbox 1071 2685 1122 2732; x_wconf 90' lang='lat' dir='ltr'>res</span> <span class='ocrx_word' id='word_1_200' title='bbox 1151 2664 1348 2749; x_wconf 86' lang='lat' dir='ltr'>probabilior</span> <span class='ocrx_word' id='word_1_201' title='bbox 1370 2671 1403 2730; x_wconf 90' lang='lat' dir='ltr'>ut</span> 
     </span>
     <span class='ocr_line' id='line_1_24' title="bbox 250 2764 1402 2850; baseline -0.002 -19"><span class='ocrx_word' id='word_1_202' title='bbox 250 2768 341 2834; x_wconf 89' lang='lat' dir='ltr'>fieret</span> <span class='ocrx_word' id='word_1_203' title='bbox 362 2787 420 2850; x_wconf 91' lang='lat' dir='ltr'>pro</span> <span class='ocrx_word' id='word_1_204' title='bbox 442 2768 544 2834; x_wconf 87' lang='lat' dir='ltr'>altera</span> <span class='ocrx_word' id='word_1_205' title='bbox 566 2787 642 2834; x_wconf 90' lang='lat' dir='ltr'>aure</span> <span class='ocrx_word' id='word_1_206' title='bbox 664 2767 764 2834; x_wconf 84' lang='lat' dir='ltr'>scissa</span> <span class='ocrx_word' id='word_1_207' title='bbox 785 2766 900 2833; x_wconf 88' lang='lat' dir='ltr'>ambae</span> <span class='ocrx_word' id='word_1_208' title='bbox 917 2787 1011 2834; x_wconf 86' lang='lat' dir='ltr'>aures</span> <span class='ocrx_word' id='word_1_209' title='bbox 1026 2767 1146 2833; x_wconf 77' lang='lat' dir='ltr'>scissae</span> <span class='ocrx_word' id='word_1_210' title='bbox 1161 2770 1235 2831; x_wconf 91' lang='lat' dir='ltr'>sunt</span> <span class='ocrx_word' id='word_1_211' title='bbox 1249 2764 1402 2831; x_wconf 90' lang='lat' dir='ltr'>substitu-</span> 
     </span>
     <span class='ocr_line' id='line_1_25' title="bbox 251 2861 1403 2950; baseline -0.004 -16"><span class='ocrx_word' id='word_1_212' title='bbox 251 2874 304 2934; x_wconf 86' lang='lat' dir='ltr'>tae</span> <span class='ocrx_word' id='word_1_213' title='bbox 319 2903 360 2914; x_wconf 91' lang='lat'>-</span> <span class='ocrx_word' id='word_1_214' title='bbox 375 2874 407 2932; x_wconf 90' lang='lat' dir='ltr'>et</span> <span class='ocrx_word' id='word_1_215' title='bbox 421 2869 478 2950; x_wconf 87' lang='lat' dir='ltr'>XI,</span> <span class='ocrx_word' id='word_1_216' title='bbox 496 2871 573 2932; x_wconf 78' lang='lat'><strong>136:</strong></span> <span class='ocrx_word' id='word_1_217' title='bbox 586 2861 717 2934; x_wconf 84' lang='lat' dir='ltr'>‘aures</span> <span class='ocrx_word' id='word_1_218' title='bbox 733 2917 739 2931; x_wconf 94' lang='lat'><strong>.</strong></span> <span class='ocrx_word' id='word_1_219' title='bbox 758 2917 765 2932; x_wconf 91' lang='lat'><strong>.</strong></span> <span class='ocrx_word' id='word_1_220' title='bbox 784 2918 791 2932; x_wconf 90' lang='lat'><strong>.</strong></span> <span class='ocrx_word' id='word_1_221' title='bbox 808 2869 910 2934; x_wconf 84' lang='lat' dir='ltr'>caruis</span> <span class='ocrx_word' id='word_1_222' title='bbox 926 2874 1047 2935; x_wconf 89' lang='lat' dir='ltr'>tautum</span> <span class='ocrx_word' id='word_1_223' title='bbox 1064 2867 1209 2934; x_wconf 85' lang='lat' dir='ltr'>scissae</span> <span class='ocrx_word' id='word_1_224' title='bbox 1231 2886 1274 2931; x_wconf 88' lang='lat' dir='ltr'>ac</span> <span class='ocrx_word' id='word_1_225' title='bbox 1295 2867 1403 2932; x_wconf 89' lang='lat' dir='ltr'>uelut</span> 
     </span>
     <span class='ocr_line' id='line_1_26' title="bbox 250 2959 1464 3060; baseline -0.002 -26"><span class='ocrx_word' id='word_1_226' title='bbox 250 2959 425 3036; x_wconf 82' lang='lat' dir='ltr'>dinisae³</span> <span class='ocrx_word' id='word_1_227' title='bbox 445 3005 485 3014; x_wconf 93' lang='lat'>-</span> <span class='ocrx_word' id='word_1_228' title='bbox 501 2969 556 3034; x_wconf 92' lang='lat' dir='ltr'>ubi</span> <span class='ocrx_word' id='word_1_229' title='bbox 576 2968 747 3052; x_wconf 84' lang='lat' dir='ltr'>singularis</span> <span class='ocrx_word' id='word_1_230' title='bbox 769 2968 826 3034; x_wconf 86' lang='lat' dir='ltr'>illa</span> <span class='ocrx_word' id='word_1_231' title='bbox 845 2970 1022 3054; x_wconf 86' lang='lat' dir='ltr'>proprietas</span> <span class='ocrx_word' id='word_1_232' title='bbox 1037 2968 1183 3035; x_wconf 88' lang='lat' dir='ltr'>omnibus</span> <span class='ocrx_word' id='word_1_233' title='bbox 1199 2967 1302 3034; x_wconf 91' lang='lat' dir='ltr'>ceruis</span> <span class='ocrx_word' id='word_1_234' title='bbox 1318 2967 1402 3033; x_wconf 86' lang='lat' dir='ltr'>falso</span> <span class='ocrx_word' id='word_1_235' title='bbox 1463 3057 1464 3060; x_wconf 8' lang='grc' dir='ltr'><em>ρ</em></span> 
     </span>
     <span class='ocr_line' id='line_1_27' title="bbox 251 3069 1464 3154; baseline -0.002 -18"><span class='ocrx_word' id='word_1_236' title='bbox 251 3071 441 3154; x_wconf 67' lang='lat' dir='ltr'>tribuitur).</span> <span class='ocrx_word' id='word_1_237' title='bbox 476 3069 558 3135; x_wconf 86' lang='lat' dir='ltr'>Mira</span> <span class='ocrx_word' id='word_1_238' title='bbox 571 3070 638 3153; x_wconf 88' lang='lat' dir='ltr'>illa,</span> <span class='ocrx_word' id='word_1_239' title='bbox 662 3088 744 3151; x_wconf 86' lang='lat' dir='ltr'>quae</span> <span class='ocrx_word' id='word_1_240' title='bbox 761 3069 801 3136; x_wconf 93' lang='lat' dir='ltr'>de</span> <span class='ocrx_word' id='word_1_241' title='bbox 817 3071 903 3136; x_wconf 86' lang='lat' dir='ltr'>cerui</span> <span class='ocrx_word' id='word_1_242' title='bbox 924 3072 1027 3137; x_wconf 86' lang='lat' dir='ltr'>altera</span> <span class='ocrx_word' id='word_1_243' title='bbox 1048 3091 1126 3137; x_wconf 86' lang='lat' dir='ltr'>aure</span> <span class='ocrx_word' id='word_1_244' title='bbox 1148 3069 1249 3136; x_wconf 87' lang='lat' dir='ltr'>scissa</span> <span class='ocrx_word' id='word_1_245' title='bbox 1271 3089 1401 3136; x_wconf 89' lang='lat' dir='ltr'>narrau-</span> <span class='ocrx_word' id='word_1_246' title='bbox 1463 3131 1464 3152; x_wconf 66' lang='grc'><em>,</em></span> 
     </span>
    </p>
   </div>
   <div class='ocr_carea' id='block_1_3' title="bbox 250 3163 1398 3258">
    <p class='ocr_par' dir='ltr' id='par_1_5' title="bbox 250 3159 1464 3258">
     <span class='ocr_line' id='line_1_28' title="bbox 250 3163 1398 3258; baseline -0.007 -20"><span class='ocrx_word' id='word_1_247' title='bbox 250 3179 310 3258; x_wconf 89' lang='lat' dir='ltr'>tur,</span> <span class='ocrx_word' id='word_1_248' title='bbox 333 3192 373 3238; x_wconf 87' lang='lat' dir='ltr'>ex</span> <span class='ocrx_word' id='word_1_249' title='bbox 388 3172 450 3239; x_wconf 87' lang='lat' dir='ltr'>hac</span> <span class='ocrx_word' id='word_1_250' title='bbox 464 3171 574 3237; x_wconf 86' lang='lat' dir='ltr'>fabula</span> <span class='ocrx_word' id='word_1_251' title='bbox 593 3171 708 3236; x_wconf 87' lang='lat' dir='ltr'>hausta</span> <span class='ocrx_word' id='word_1_252' title='bbox 730 3190 800 3238; x_wconf 89' lang='lat' dir='ltr'>esse</span> <span class='ocrx_word' id='word_1_253' title='bbox 822 3168 874 3254; x_wconf 89' lang='lat' dir='ltr'>(of.</span> <span class='ocrx_word' id='word_1_254' title='bbox 891 3192 921 3238; x_wconf 93' lang='lat' dir='ltr'>u.</span> <span class='ocrx_word' id='word_1_255' title='bbox 938 3177 977 3236; x_wconf 79' lang='lat'>40</span> <span class='ocrx_word' id='word_1_256' title='bbox 995 3163 1090 3237; x_wconf 74' lang='grc' dir='ltr'><em>οὔατ’</em></span> <span class='ocrx_word' id='word_1_257' title='bbox 1110 3167 1297 3256; x_wconf 78' lang='grc' dir='ltr'><em>ἐσπάραξεν</em></span> <span class='ocrx_word' id='word_1_258' title='bbox 1312 3177 1345 3237; x_wconf 92' lang='lat' dir='ltr'>et</span> <span class='ocrx_word' id='word_1_259' title='bbox 1361 3175 1398 3234; x_wconf 86' lang='lat'>71</span> 
     </span>
    </p>
   </div>
   <div class='ocr_carea' id='block_1_4' title="bbox 248 3337 1463 4163">
    <p class='ocr_par' dir='ltr' id='par_1_6' title="bbox 248 3337 1403 3995">
     <span class='ocr_line' id='line_1_29' title="bbox 336 3337 1400 3407; baseline 0.002 -17"><span class='ocrx_word' id='word_1_260' title='bbox 336 3341 361 3402; x_wconf 89' lang='grc'>1)</span> <span class='ocrx_word' id='word_1_261' title='bbox 379 3337 456 3391; x_wconf 84' lang='lat' dir='ltr'>Talia</span> <span class='ocrx_word' id='word_1_262' title='bbox 478 3337 551 3406; x_wconf 90' lang='lat' dir='ltr'>apud</span> <span class='ocrx_word' id='word_1_263' title='bbox 572 3337 661 3407; x_wconf 91' lang='lat' dir='ltr'>ipsum</span> <span class='ocrx_word' id='word_1_264' title='bbox 679 3338 851 3393; x_wconf 79' lang='lat' dir='ltr'>Aristotelem</span> <span class='ocrx_word' id='word_1_265' title='bbox 876 3337 991 3392; x_wconf 82' lang='lat' dir='ltr'>iuueuIri</span> <span class='ocrx_word' id='word_1_266' title='bbox 1009 3353 1064 3392; x_wconf 93' lang='lat' dir='ltr'>non</span> <span class='ocrx_word' id='word_1_267' title='bbox 1081 3337 1233 3404; x_wconf 85' lang='lat' dir='ltr'>miraberis,</span> <span class='ocrx_word' id='word_1_268' title='bbox 1260 3338 1283 3391; x_wconf 91' lang='lat' dir='ltr'>si</span> <span class='ocrx_word' id='word_1_269' title='bbox 1301 3337 1400 3406; x_wconf 88' lang='lat' dir='ltr'>quibus</span> 
     </span>
     <span class='ocr_line' id='line_1_30' title="bbox 251 3421 1401 3492; baseline -0.001 -16"><span class='ocrx_word' id='word_1_270' title='bbox 251 3421 377 3477; x_wconf 85' lang='lat' dir='ltr'>subsidiis</span> <span class='ocrx_word' id='word_1_271' title='bbox 402 3437 469 3491; x_wconf 88' lang='lat' dir='ltr'>opus</span> <span class='ocrx_word' id='word_1_272' title='bbox 492 3437 570 3477; x_wconf 89' lang='lat' dir='ltr'>suum</span> <span class='ocrx_word' id='word_1_273' title='bbox 594 3422 640 3478; x_wconf 89' lang='lat' dir='ltr'>ille</span> <span class='ocrx_word' id='word_1_274' title='bbox 663 3423 808 3491; x_wconf 83' lang='lat' dir='ltr'>perfecerIt</span> <span class='ocrx_word' id='word_1_275' title='bbox 825 3425 915 3476; x_wconf 88' lang='lat' dir='ltr'>tecum</span> <span class='ocrx_word' id='word_1_276' title='bbox 933 3423 1112 3490; x_wconf 78' lang='lat' dir='ltr'>reputanerIs.</span> <span class='ocrx_word' id='word_1_277' title='bbox 1149 3421 1244 3490; x_wconf 75' lang='lat' dir='ltr'>Quode</span> <span class='ocrx_word' id='word_1_278' title='bbox 1262 3423 1401 3492; x_wconf 84' lang='lat' dir='ltr'>Inprimis</span> 
     </span>
     <span class='ocr_line' id='line_1_31' title="bbox 251 3502 1403 3574; baseline 0 -12"><span class='ocrx_word' id='word_1_279' title='bbox 251 3505 434 3564; x_wconf 86' lang='lat' dir='ltr'>consulendus</span> <span class='ocrx_word' id='word_1_280' title='bbox 453 3510 494 3560; x_wconf 91' lang='lat' dir='ltr'>est</span> <span class='ocrx_word' id='word_1_281' title='bbox 511 3505 614 3562; x_wconf 89' lang='lat' dir='ltr'>Pliuius</span> <span class='ocrx_word' id='word_1_282' title='bbox 632 3523 658 3562; x_wconf 91' lang='lat' dir='ltr'>n.</span> <span class='ocrx_word' id='word_1_283' title='bbox 673 3508 700 3562; x_wconf 91' lang='lat' dir='ltr'>h.</span> <span class='ocrx_word' id='word_1_284' title='bbox 712 3507 786 3574; x_wconf 86' lang='lat' dir='ltr'>VIII,</span> <span class='ocrx_word' id='word_1_285' title='bbox 799 3513 842 3560; x_wconf 78' lang='lat'>17:</span> <span class='ocrx_word' id='word_1_286' title='bbox 860 3502 1024 3561; x_wconf 87' lang='lat' dir='ltr'>‘Alexandro</span> <span class='ocrx_word' id='word_1_287' title='bbox 1036 3547 1042 3560; x_wconf 91' lang='lat'>.</span> <span class='ocrx_word' id='word_1_288' title='bbox 1055 3547 1060 3560; x_wconf 93' lang='lat'>.</span> <span class='ocrx_word' id='word_1_289' title='bbox 1074 3505 1256 3562; x_wconf 64' lang='lat' dir='ltr'>inflammato</span> <span class='ocrx_word' id='word_1_290' title='bbox 1275 3505 1403 3574; x_wconf 89' lang='lat' dir='ltr'>cupidine</span> 
     </span>
     <span class='ocr_line' id='line_1_32' title="bbox 250 3590 1401 3664; baseline -0.001 -19"><span class='ocrx_word' id='word_1_291' title='bbox 250 3590 405 3646; x_wconf 87' lang='lat' dir='ltr'>anlmalium</span> <span class='ocrx_word' id='word_1_292' title='bbox 422 3593 535 3664; x_wconf 79' lang='lat' dir='ltr'>naturas</span> <span class='ocrx_word' id='word_1_293' title='bbox 553 3591 683 3647; x_wconf 85' lang='lat' dir='ltr'>noscendi</span> <span class='ocrx_word' id='word_1_294' title='bbox 700 3591 877 3660; x_wconf 75' lang='lat' dir='ltr'>delegataque</span> <span class='ocrx_word' id='word_1_295' title='bbox 894 3590 946 3644; x_wconf 87' lang='lat' dir='ltr'>hae</span> <span class='ocrx_word' id='word_1_296' title='bbox 959 3590 1183 3646; x_wconf 86' lang='lat' dir='ltr'>commentatione</span> <span class='ocrx_word' id='word_1_297' title='bbox 1195 3590 1352 3645; x_wconf 83' lang='lat' dir='ltr'>ArIstoteli.</span> <span class='ocrx_word' id='word_1_298' title='bbox 1367 3631 1373 3644; x_wconf 91' lang='lat'><em>.</em></span> <span class='ocrx_word' id='word_1_299' title='bbox 1386 3631 1401 3656; x_wconf 93' lang='lat'>.‚</span> 
     </span>
     <span class='ocr_line' id='line_1_33' title="bbox 250 3673 1403 3745; baseline -0.001 -15"><span class='ocrx_word' id='word_1_300' title='bbox 250 3676 353 3744; x_wconf 86' lang='lat' dir='ltr'>aliquot</span> <span class='ocrx_word' id='word_1_301' title='bbox 374 3675 448 3730; x_wconf 86' lang='lat' dir='ltr'>millu</span> <span class='ocrx_word' id='word_1_302' title='bbox 471 3673 608 3730; x_wconf 92' lang='lat' dir='ltr'>hominum</span> <span class='ocrx_word' id='word_1_303' title='bbox 630 3675 659 3729; x_wconf 90' lang='lat' dir='ltr'>iu</span> <span class='ocrx_word' id='word_1_304' title='bbox 683 3675 767 3729; x_wconf 89' lang='lat' dir='ltr'>totius</span> <span class='ocrx_word' id='word_1_305' title='bbox 784 3675 866 3728; x_wconf 86' lang='lat' dir='ltr'>Asiae</span> <span class='ocrx_word' id='word_1_306' title='bbox 889 3674 1071 3745; x_wconf 83' lang='lat' dir='ltr'>Graeciaeque</span> <span class='ocrx_word' id='word_1_307' title='bbox 1094 3677 1184 3730; x_wconf 89' lang='lat' dir='ltr'>tractu</span> <span class='ocrx_word' id='word_1_308' title='bbox 1209 3690 1304 3744; x_wconf 84' lang='lat' dir='ltr'>parere</span> <span class='ocrx_word' id='word_1_309' title='bbox 1324 3675 1403 3729; x_wconf 90' lang='lat' dir='ltr'>iussa</span> 
     </span>
     <span class='ocr_line' id='line_1_34' title="bbox 249 3758 1402 3829; baseline -0.003 -15"><span class='ocrx_word' id='word_1_310' title='bbox 249 3761 383 3826; x_wconf 89' lang='lat' dir='ltr'>omnium,</span> <span class='ocrx_word' id='word_1_311' title='bbox 407 3775 476 3828; x_wconf 92' lang='lat' dir='ltr'>quos</span> <span class='ocrx_word' id='word_1_312' title='bbox 494 3765 624 3828; x_wconf 86' lang='lat' dir='ltr'>uenatus,</span> <span class='ocrx_word' id='word_1_313' title='bbox 648 3759 777 3826; x_wconf 90' lang='lat' dir='ltr'>aucupia,</span> <span class='ocrx_word' id='word_1_314' title='bbox 795 3759 970 3829; x_wconf 82' lang='lat' dir='ltr'>piscatusque</span> <span class='ocrx_word' id='word_1_315' title='bbox 987 3759 1104 3825; x_wconf 84' lang='lat' dir='ltr'>alebant,</span> <span class='ocrx_word' id='word_1_316' title='bbox 1120 3759 1272 3828; x_wconf 87' lang='lat' dir='ltr'>quibusque</span> <span class='ocrx_word' id='word_1_317' title='bbox 1284 3758 1402 3826; x_wconf 82' lang='lat' dir='ltr'>uiuartu,</span> 
     </span>
     <span class='ocr_line' id='line_1_35' title="bbox 249 3842 1401 3914; baseline -0.001 -15"><span class='ocrx_word' id='word_1_318' title='bbox 249 3847 379 3910; x_wconf 84' lang='lat' dir='ltr'>armenta,</span> <span class='ocrx_word' id='word_1_319' title='bbox 398 3844 520 3899; x_wconf 87' lang='lat' dir='ltr'>aluearia</span> <span class='ocrx_word' id='word_1_320' title='bbox 534 3884 541 3898; x_wconf 90' lang='lat'><strong>.</strong></span> <span class='ocrx_word' id='word_1_321' title='bbox 556 3885 562 3897; x_wconf 90' lang='lat'><strong>.</strong></span> <span class='ocrx_word' id='word_1_322' title='bbox 576 3884 582 3897; x_wconf 92' lang='lat'><strong>.</strong></span> <span class='ocrx_word' id='word_1_323' title='bbox 597 3844 626 3899; x_wconf 89' lang='lat' dir='ltr'>iu</span> <span class='ocrx_word' id='word_1_324' title='bbox 645 3858 711 3897; x_wconf 90' lang='lat' dir='ltr'>cura</span> <span class='ocrx_word' id='word_1_325' title='bbox 729 3846 807 3897; x_wconf 88' lang='lat' dir='ltr'>eraut</span> <span class='ocrx_word' id='word_1_326' title='bbox 822 3883 829 3896; x_wconf 89' lang='lat'>.</span> <span class='ocrx_word' id='word_1_327' title='bbox 843 3882 849 3895; x_wconf 92' lang='lat'><em>.</em></span> <span class='ocrx_word' id='word_1_328' title='bbox 864 3883 871 3896; x_wconf 91' lang='lat'>.</span> <span class='ocrx_word' id='word_1_329' title='bbox 907 3842 981 3910; x_wconf 80' lang='lat' dir='ltr'>Quos</span> <span class='ocrx_word' id='word_1_330' title='bbox 999 3842 1184 3912; x_wconf 87' lang='lat' dir='ltr'>percontando</span> <span class='ocrx_word' id='word_1_331' title='bbox 1204 3843 1401 3914; x_wconf 77' lang='lat' dir='ltr'>quinquaginta</span> 
     </span>
     <span class='ocr_line' id='line_1_36' title="bbox 248 3923 1401 3995; baseline -0.001 -13"><span class='ocrx_word' id='word_1_332' title='bbox 248 3927 334 3984; x_wconf 83' lang='lat' dir='ltr'>ferme</span> <span class='ocrx_word' id='word_1_333' title='bbox 345 3928 482 3984; x_wconf 80' lang='lat' dir='ltr'>uolumInu</span> <span class='ocrx_word' id='word_1_334' title='bbox 492 3969 498 3982; x_wconf 87' lang='lat'><strong>.</strong></span> <span class='ocrx_word' id='word_1_335' title='bbox 510 3969 516 3982; x_wconf 91' lang='lat'>.</span> <span class='ocrx_word' id='word_1_336' title='bbox 529 3969 534 3982; x_wconf 93' lang='lat'>.</span> <span class='ocrx_word' id='word_1_337' title='bbox 545 3929 579 3984; x_wconf 88' lang='lat' dir='ltr'>de</span> <span class='ocrx_word' id='word_1_338' title='bbox 596 3927 756 3982; x_wconf 87' lang='lat' dir='ltr'>animalibus</span> <span class='ocrx_word' id='word_1_339' title='bbox 775 3923 916 3983; x_wconf 86' lang='lat' dir='ltr'>condidit‘.</span> <span class='ocrx_word' id='word_1_340' title='bbox 944 3926 986 3982; x_wconf 82' lang='lat' dir='ltr'>cf.</span> <span class='ocrx_word' id='word_1_341' title='bbox 997 3927 1085 3992; x_wconf 80' lang='lat' dir='ltr'>staur,</span> <span class='ocrx_word' id='word_1_342' title='bbox 1103 3927 1263 3983; x_wconf 83' lang='lat' dir='ltr'>Aristotelia</span> <span class='ocrx_word' id='word_1_343' title='bbox 1275 3928 1289 3981; x_wconf 95' lang='lat' dir='ltr'>I</span> <span class='ocrx_word' id='word_1_344' title='bbox 1300 3943 1326 3995; x_wconf 92' lang='lat' dir='ltr'>p.</span> <span class='ocrx_word' id='word_1_345' title='bbox 1342 3932 1401 3984; x_wconf 83' lang='lat'>116.</span> 
     </span>
    </p>

    <p class='ocr_par' dir='ltr' id='par_1_7' title="bbox 249 4005 1463 4163">
     <span class='ocr_line' id='line_1_37' title="bbox 334 4005 1463 4082; baseline 0.003 -17"><span class='ocrx_word' id='word_1_346' title='bbox 334 4016 360 4077; x_wconf 66' lang='grc' dir='ltr'>ν)</span> <span class='ocrx_word' id='word_1_347' title='bbox 378 4010 418 4066; x_wconf 84' lang='lat' dir='ltr'>Gi.</span> <span class='ocrx_word' id='word_1_348' title='bbox 441 4011 583 4082; x_wconf 78' lang='lat' dir='ltr'>Montigny</span> <span class='ocrx_word' id='word_1_349' title='bbox 605 4007 786 4080; x_wconf 82' lang='lat' dir='ltr'>‘quaestiones</span> <span class='ocrx_word' id='word_1_350' title='bbox 811 4011 840 4066; x_wconf 89' lang='lat' dir='ltr'>iu</span> <span class='ocrx_word' id='word_1_351' title='bbox 864 4011 946 4067; x_wconf 90' lang='lat' dir='ltr'>Plinii</span> <span class='ocrx_word' id='word_1_352' title='bbox 969 4016 1025 4066; x_wconf 86' lang='lat' dir='ltr'>nst.</span> <span class='ocrx_word' id='word_1_353' title='bbox 1045 4010 1160 4065; x_wconf 78' lang='lat' dir='ltr'>histria</span> <span class='ocrx_word' id='word_1_354' title='bbox 1185 4011 1344 4068; x_wconf 89' lang='lat' dir='ltr'>animalibus</span> <span class='ocrx_word' id='word_1_355' title='bbox 1370 4015 1403 4068; x_wconf 91' lang='lat' dir='ltr'>li-</span> <span class='ocrx_word' id='word_1_356' title='bbox 1462 4005 1463 4012; x_wconf 59' lang='lat'><em>&#39;</em></span> 
     </span>
     <span class='ocr_line' id='line_1_38' title="bbox 249 4090 426 4163; baseline 0 -14"><span class='ocrx_word' id='word_1_357' title='bbox 249 4090 325 4150; x_wconf 86' lang='lat' dir='ltr'>bros‘</span> <span class='ocrx_word' id='word_1_358' title='bbox 345 4110 372 4163; x_wconf 89' lang='lat' dir='ltr'>p.</span> <span class='ocrx_word' id='word_1_359' title='bbox 384 4099 426 4149; x_wconf 77' lang='grc'>58.</span> 
     </span>
    </p>
   </div>
   <div class='ocr_carea' id='block_1_5' title="bbox 0 0 1472 4690">
    <p class='ocr_par' dir='ltr' id='par_1_8' title="bbox 0 0 1472 4690">
     <span class='ocr_line' id='line_1_39' title="bbox 0 0 1472 4690; baseline 0 2"><span class='ocrx_word' id='word_1_360' title='bbox 0 0 1472 4690; x_wconf 95' lang='lat' dir='ltr'> </span> 
     </span>
    </p>
   </div>
  </div>
 </body>
</html>
