2934 4690
172 275 178 290 ἡ
255 311 317 382 200
734 326 799 382 Otto
818 326 929 384 Grusius

252 494 313 583 τὴν
340 499 399 563 τοῦ
427 494 611 563 Horremus
641 497 810 587 διφθέραν
838 497 1018 588 ἐνημμένος
1050 508 1160 587 aperte
1188 501 1401 570 demonstrent

253 599 424 682 βουκολεῖν
446 599 631 686 simpliciter
653 621 723 670 esse
745 621 877 686 pascere
899 603 952 670 uel
974 603 1134 672 custodire
1156 601 1209 688 (cf.
1232 606 1339 689 imago
1361 607 1398 671 si-

253 700 339 767 milis
354 701 449 786 Vesp.
466 705 504 766 31
522 702 616 785 squ).
653 704 823 772 Atalibus
844 711 952 772 autem
966 705 1046 772 locis
1061 705 1253 773 recentiores
1269 706 1317 773 illi
1330 729 1398 793 pro·
1451 771 1452 780 ,

253 803 329 870 fecti
350 822 421 870 esse
446 802 609 887 uidentur,
632 803 691 872 sed
712 810 812 873 totam
833 807 1059 892 propriamque
1081 806 1229 892 imaginis
1250 809 1316 875 uim
1338 830 1400 876 non
1451 821 1452 824 ’

252 905 317 971 iam
338 906 519 973 sentiebant
531 905 564 990 ¹).

339 1007 436 1075 Vides
461 1013 581 1090 quanta
603 1011 797 1078 locutionum
819 1009 1016 1078 nouiciarum
1039 1009 1133 1095 copia
1148 1031 1189 1078 ex
1204 1011 1331 1097 optimis
1346 1013 1398 1078 ha-

253 1131 322 1176 rnm
351 1109 531 1177 fabularum
559 1114 699 1181 fontibus
727 1113 829 1198 repeti
856 1114 966 1197 possit.
1011 1112 1117 1191 Quare
1146 1118 1253 1180 cetera
1276 1132 1398 1196 quoque

253 1230 335 1294 quae
358 1231 399 1277 ex
420 1213 490 1279 solo
513 1214 618 1283 Athos
633 1215 848 1283 Zachariaens
871 1216 891 1283 l.
908 1235 933 1282 s.
949 1235 973 1282 s.
997 1215 1127 1298 collegit
1149 1215 1280 1283 alterius
1301 1217 1399 1301 potis-

252 1312 367 1378 simum
395 1319 427 1379 et
456 1315 541 1382 tertii
569 1337 600 1402 p.
624 1317 696 1384 Chr.
720 1340 750 1384 n.
781 1317 903 1385 saeculi
932 1315 1051 1382 indicia
1079 1315 1112 1383 in
1133 1316 1316 1384 uniuersum
1337 1316 1397 1385 fide

251 1420 325 1481 sunt
353 1415 465 1499 digna:
504 1419 619 1500 quibus
649 1439 732 1502 quae
759 1420 829 1506 ipse
859 1419 936 1486 olim
970 1418 1089 1485 contuli
1122 1439 1163 1485 ex
1194 1418 1398 1504 scriptoribus

251 1516 361 1582 Babrii
382 1525 417 1585 ut
439 1519 609 1587 credebam
631 1524 698 1588 fere
720 1522 910 1604 aequalibus
932 1519 1092 1604 (Aeliano,
1120 1519 1277 1606 Oppiano,
1300 1521 1396 1589 Hero-

251 1617 363 1704 diano,
394 1620 463 1705 all.)
480 1623 549 1711 *hoc
571 1623 641 1692 loco
664 1623 792 1691 adicere
815 1644 932 1709 operas
956 1623 1094 1708 pretium
1116 1643 1179 1688 non
1201 1622 1317 1690 habeo.
1361 1624 1395 1690 ld

251 1727 358 1789 tamen
381 1722 465 1791 addo
494 1725 676 1792 uniuersum
698 1726 807 1793 Babrii
836 1724 964 1792 dicendi
991 1744 1109 1810 genus,
1137 1723 1225 1806 quod
1252 1726 1394 1810 planissi-
1452 1807 1453 1816 ἵ

250 1844 338 1890 mum
360 1832 409 1893 cst
431 1831 463 1893 et
483 1846 627 1896 summae
649 1829 789 1895 maxime
812 1828 844 1894 in
866 1827 1038 1894 enuntiatis
1068 1827 1297 1912 coniungendis
1325 1829 1394 1894 sim-

249 1925 419 2010 plicitatis,
441 1929 528 1996 illius
551 1951 620 1998 esse
643 1931 715 1998 aeui
738 1953 789 1998 me
812 1930 945 2012 sentire,
966 1930 1000 1996 in
1023 1948 1088 2012 quo
1111 1929 1274 1997 rhetorum
1296 1937 1329 1997 et
1349 1951 1393 1998 so·
1452 1925 1453 1930 ’

248 2029 427 2113 phistarum
450 2033 658 2100 recentiorum
680 2033 794 2100 studiis
817 2052 920 2099 sermo
941 2032 1082 2099 Graecus
1105 2030 1148 2097 ad
1169 2031 1351 2100 libertatem
1366 2039 1395 2099 et

249 2130 435 2198 facilitatem
457 2154 586 2219 prorsus
608 2155 725 2201 nouam
746 2134 918 2220 perductus
947 2133 1047 2218 est²):
1079 2132 1132 2215 qui
1159 2151 1271 2199 sensns
1294 2139 1393 2202 utrum

248 2255 300 2300 me
322 2235 472 2301 fefellerit
492 2256 593 2302 necne
608 2236 775 2321 peritiores
789 2236 912 2303 iudices
928 2235 1158 2320 disceptabunt.
1197 2235 1277 2302 Sunt
1292 2240 1392 2302 autem

251 2356 332 2419 qnae
355 2337 437 2403 hanc
460 2356 585 2419 quoque
608 2342 748 2404 aetatem
771 2338 931 2406 labentem
953 2339 1096 2405 indicare
1111 2337 1282 2403 uideantur
1296 2356 1391 2419 eaque

249 2459 311 2506 non
327 2440 429 2506 solnm
444 2439 476 2504 in
495 2440 624 2526 syntaxi
634 2441 671 2526 ³),
693 2442 750 2508 scd
773 2441 870 2508 etiarn
892 2441 925 2508 in
948 2440 1018 2526 ipsa
1037 2437 1189 2507 narrandi
1211 2446 1289 2505 arte.
1327 2440 1390 2519 Quo

248 2541 281 2607 in
303 2561 419 2625 genere
441 2542 580 2608 maxime
603 2543 811 2610 memorabile
832 2542 924 2627 illud,
947 2541 1033 2626 quod
1053 2546 1151 2628 poeta
1171 2539 1205 2604 in
1227 2540 1307 2607 colis
1330 2540 1390 2622 qui-

248 2644 307 2709 bus
329 2643 502 2710 admodum
526 2643 701 2713 delectatur
723 2645 875 2712 breuibus
898 2650 930 2712 et
946 2665 982 2712 se
997 2641 1231 2728 excipientibus
1245 2642 1389 2728 simplici-

249 2745 324 2810 tatis
347 2744 486 2827 quodam
508 2747 672 2832 popularis
694 2746 798 2814 studio
820 2748 935 2814 inscito
954 2746 1041 2813 idem
1055 2745 1247 2813 uocabulum
1263 2746 1390 2832 repetit:
1453 2781 1454 2846 ἒ

337 2902 359 2963 l)
378 2897 478 2952 Similis
495 2901 538 2952 est
555 2913 621 2952 usus
637 2894 838 2965 ἇποβονκολέω,
856 2891 1069 2967 &aestuaret-igar,
1090 2895 1317 2966 παροβοοκολίζω
1333 2911 1389 2950 uer·
1453 2937 1454 2950 .

246 2983 352 3038 borum.
388 2983 466 3037 (lette
488 2980 937 3055 napflocaotrgaLyccphr.1094
959 2982 1061 3038 nullam
1085 2981 1167 3035 habet
1190 2983 1387 3037 auctoritatem:

246 3068 280 3123 cf.
291 3068 402 3124 Bachm.
413 3067 483 3122 adh.
495 3068 513 3122 l.

332 3156 358 3220 2)
375 3153 401 3205 A
422 3169 505 3223 prosa
526 3153 599 3208 illius
622 3151 751 3222 temporis
774 3152 897 3207 oratione
916 3151 1008 3206 Babrii
1031 3166 1118 3208 sermo
1141 3152 1188 3206 uix
1211 3151 1334 3207 diuersus
1350 3151 1387 3202 est

247 3239 299 3292 nisi
316 3241 412 3292 metro.
442 3238 485 3293 De
501 3231 621 3309 ἀφελείᾳ,
640 3253 710 3307 quae
727 3238 813 3307 prima
829 3237 923 3294 Babrii
940 3242 983 3291 est
999 3236 1096 3302 uirtus,
1114 3237 1194 3305 longa
1212 3235 1387 3304 disputatione

124 3359 129 3367 ·
245 3321 372 3392 exposuit
388 3321 577 3391 Hermogenes,
595 3343 625 3377 π.
641 3320 676 3376 ld.
694 3323 728 3390 ll,
742 3328 756 3378 3
775 3323 898 3392 idemque
914 3321 1108 3389 Nicostratum,
1127 3336 1206 3390 quem
1218 3320 1310 3375 Babrii
1327 3333 1387 3372 auc-

245 3413 331 3462 torem
349 3405 444 3485 fuisse
453 3407 570 3474 conicio,
594 3413 704 3478 propter
727 3408 815 3478 ipsam
835 3409 907 3463 hanc
925 3406 1122 3477 simplicitatem
1140 3407 1250 3462 summis
1268 3403 1386 3460 laudibus

244 3493 321 3549 effert
339 3491 384 3556 lib.
395 3495 445 3557 12).

330 3581 356 3644 3)
375 3575 589 3631 Eberhardienis
607 3577 676 3633 addo
695 3577 899 3632 coniunctiuum
916 3581 979 3647 post
995 3582 1101 3645 tempus
1119 3576 1279 3632 historicum
1295 3573 1384 3630 admis-

244 3679 304 3720 sum
322 3668 369 3731 93,
388 3668 399 3716 l
419 3657 524 3715 Λύκων
542 3663 671 3735 παρῆσαν
688 3660 795 3735 ἄγγελοι
809 3701 816 3715 .
831 3702 837 3715 .
854 3701 860 3714 .
876 3655 969 3733 ὅρκους
989 3658 1220 3736 φέροντες...ὲφ’
1241 3647 1265 3728 ᾧ
1288 3659 1384 3728 λάβωσι

243 3747 313 3814 aab,
334 3751 391 3814 127,
410 3752 432 3802 l.
450 3751 464 3801 3
483 3742 559 3801 ὄνος.
570 3786 576 3799 .
587 3786 593 3799 .
604 3746 715 3818 ἐπράθη
726 3787 732 3800 .
743 3787 749 3799 .
760 3787 765 3798 .
776 3741 850 3802 ὅστις
868 3751 935 3820 φέρῃ
954 3751 1025 3813 (-ει
1043 3746 1158 3814 Eberh.,
1175 3745 1211 3801 cf.
1227 3762 1254 3816 p.
1267 3745 1327 3812 Xll:
1350 3742 1385 3795 ia

242 3832 573 3902 Ach.Tatius.p.1or‚rr
588 3831 701 3886 Herem:
726 3827 774 3884 οὐκ
792 3832 871 3898 εἶχον,
895 3825 971 3886 ὅπως
988 3828 1125 3900 πύθωμαι
1142 3835 1170 3886 et
1187 3847 1214 3900 p.
1228 3835 1284 3897 l'lo,
1297 3833 1323 3884 8:
1341 3821 1385 3900 atr

243 3919 313 3984 εἶχεν
325 3913 400 3973 ὅστις
410 3922 534 3990 γένηταις
553 3916 634 3987 plura
645 3918 768 3986 exempla
780 3932 814 3971 ex
826 3917 909 3986 epicis
922 3917 1117 3973 recentioribus
1133 3915 1279 3986 (Oppiano,
1292 3913 1384 3982 Quina

243 4003 402 4072 Smyrnaeo,
425 4003 543 4072 Orpheo)
566 4001 674 4070 collegit
690 4000 722 4056 P.
735 4000 894 4070 Wittinglus
911 3996 955 4056 ‘de
978 4018 1031 4057 usu
1049 4000 1258 4074 coniunctiuiet
1275 3993 1385 4069 optatlru'

243 4127 267 4142 ..
281 4088 371 4156 ¹opud
388 4085 479 4156 epicos
498 4081 628 4141 Graeccs'
647 4102 674 4155 p.
684 4090 714 4139 71
727 4101 766 4156 sq.
777 4091 818 4152 ts,
831 4085 865 4141 cf.
875 4101 903 4155 p.
913 4091 944 4141 st
956 4091 983 4142 et
992 4091 1032 4142 65.
