2938 4688
514 369 547 424 de
563 368 656 426 Babrii
675 372 772 424 aetate.
1161 365 1220 428 137

68 545 144 612 illas
166 543 307 610 rationes
328 543 421 610 nihili
443 561 514 609 esse
536 541 732 628 professus1)
754 543 855 608 multa
876 560 931 607 cur
952 547 1038 607 certe
1059 547 1133 607 ante
1160 539 1220 606 Ro·

70 667 199 714 manam
212 705 214 709 .
228 650 368 713 aetatem
396 646 629 729 Graeciamque
657 666 678 711 a
705 644 857 710 Romanis
891 645 1056 710 subactam
1085 643 1221 710 Babrius

70 750 204 817 uixisset
227 748 427 834 congessiu).
468 743 533 816 ‘So
563 738 638 814 nur'
663 747 767 830 inquit
785 740 863 811 ‘hat
891 745 944 813 die
966 745 1141 830 Persiilage
1164 745 1222 813 der

72 851 281 918 Ochlokratie
301 849 379 934 (fab.
396 849 452 935 40)
468 851 561 917 einen
577 841 663 918 Sinn'
682 887 723 896 —
739 849 797 916 sed
812 847 855 914 ad
870 847 1098 915 oahlooratiam
1112 847 1223 915 fabula

70 954 129 1021 illa
151 954 280 1023 omnino
301 973 365 1020 non
387 959 518 1038 spectat,
541 954 638 1021 immo
660 953 742 1019 nihil
760 959 809 1018 est
825 952 888 1018 nisi
901 952 989 1020 iocus
1006 949 1222 1034 (Αἰσώπειον

71 1055 215 1143 γελοῖον)
238 1055 349 1141 paullo
371 1055 547 1140 obscenior,
570 1056 609 1122 cf.
632 1055 827 1122 simillimam
850 1054 960 1121 Babrii
975 1058 1016 1120 34
1035 1059 1067 1122 et
1081 1052 1224 1122 Knoellii

71 1158 165 1226 Bodl.
184 1162 259 1242 12¹3
283 1157 495 1243 epimythium
516 1177 546 1224 n.
564 1165 581 1223 5
598 1178 645 1242 sq.
667 1145 761 1224 nimis
777 1158 918 1244 ineptum
926 1156 962 1241 ³),
986 1175 1048 1238 quo
1064 1156 1224 1224 sententia
1280 1239 1282 1248 Α

72 1264 128 1329 illa
151 1261 185 1329 ui
208 1261 240 1329 in
262 1261 404 1328 fabulam
420 1261 559 1345 infertur,
582 1261 759 1328 rectissimo
777 1259 896 1327 iudicio
911 1259 1118 1327 Eberhardus
1133 1257 1223 1326 uncis

73 1365 202 1433 inclusit
225 1400 282 1447 —,
302 1357 351 1428 ‘so
381 1362 433 1429 die
455 1363 633 1448 Allegorie,
662 1365 785 1431 welche
811 1362 1016 1430 dffentlichen
1037 1363 1136 1429 Zwist
1158 1360 1224 1428 und

72 1467 289 1552 Birgerkrieg
302 1485 361 1533 aus
376 1466 450 1532 dem
464 1467 693 1546 gewaltsamen
705 1467 903 1533 Uebermuth
919 1465 976 1532 der
987 1462 1223 1532 hernschenden

71 1571 222 1653 naasion,
251 1567 447 1636 namentlioh
468 1568 526 1635 des
548 1569 683 1650 Demos,
707 1569 839 1636 ableitet
861 1567 953 1650 (Fab.
970 1571 1028 1649 72,
1050 1588 1111 1634 ser.
1128 1559 1223 1650 7054)

73 1709 114 1719 —
136 1678 171 1737 at
192 1673 265 1756 ipsa
287 1672 397 1737 fabula
418 1670 498 1736 nihil
521 1668 611 1736 aliud
638 1670 748 1755 docet,
776 1672 838 1738 nisi
862 1671 981 1738 bellum
1004 1669 1152 1736 iniuriam
1174 1689 1224 1736 se·

75 1776 147 1859 qni,
182 1793 293 1841 uersus
322 1777 429 1839 autem
458 1775 586 1856 lisqq.²
615 1773 730 1855 quibus
760 1773 918 1840 sententia
950 1773 1008 1838 illa
1038 1773 1223 1855 continetur,

73 1876 187 1944 Babrii
215 1897 279 1944 non
307 1881 393 1960 sunt,
425 1874 484 1942 sed
514 1875 741 1962 epimythistae
763 1874 1042 1959 diasceuastaene‚
1072 1875 1109 1941 cf.
1133 1873 1224 1941 Hoch

72 1973 128 2046 tde
141 1979 239 2046 Babr.
254 1979 374 2046 fabulis
396 1979 550 2064 corruptis
572 1985 604 2045 et
620 1969 827 2061 interpolatis'
846 1999 877 2062 p.
897 1983 944 2044 17.
963 1980 1012 2044 19.
1028 1981 1067 2043 23
1085 1973 1225 2061 (Nauck.

74 2080 190 2148 Philol.
213 2081 273 2165 VI,
297 2080 391 2165 407),
419 2081 596 2148 Eberhard.
620 2082 790 2148 obseruatt.
813 2102 844 2166 p.
868 2085 886 2144 7
897 2079 933 2164 ⁵).
977 2079 1086 2163 Pergit
1114 2079 1223 2145 Hertz·

76 2205 279 2214 ψ..

162 2270 186 2330 1)
204 2265 285 2320 Babr.
297 2282 323 2334 p.
335 2226 397 2320 1⁸64:
410 2261 456 2321 ‘So
466 2267 531 2322 wird
545 2266 614 2322 denn
627 2266 700 2322 auch
711 2266 798 2335 gleich
815 2265 857 2321 dia
869 2265 1022 2334 Folgerung
1033 2264 1224 2330 Lachmaun's,

74 2351 137 2406 dass
160 2351 284 2406 Babrios'
302 2350 580 2420 Uebereinstimmung
602 2351 631 2406 in
655 2352 715 2407 dem
740 2357 880 2418 correcten
901 2351 960 2405 Bau
985 2351 1033 2406 der
1056 2350 1112 2405 vier
1136 2353 1225 2406 ersten

75 2436 163 2490 Fusae
180 2437 229 2489 mit
241 2437 351 2492 Persius
369 2437 425 2491 und
437 2437 548 2492 Martial
565 2437 609 2490 fur
628 2437 671 2492 ein
688 2437 806 2506 gleiches
818 2436 947 2491 Zeitaltcr
960 2437 1008 2491 der
1019 2436 1225 2504 beiderseitigen

73 2521 190 2575 Dichter
213 2536 311 2590 muge,
334 2522 420 2577 durch
438 2522 486 2576 das
504 2522 584 2591 vbllig
601 2525 849 2590 entgegengesetzte
866 2520 1035 2576 Verh'altniss
1053 2521 1100 2577 des
1117 2520 1225 2575 finften

73 2605 130 2661 und
148 2606 274 2660 sechsten
286 2606 387 2662 Fusscs
404 2608 557 2678 paralysim,
576 2607 604 2662 in
623 2607 703 2662 deren
714 2606 894 2675 Behandlung
909 2605 1024 2662 Babrios
1042 2606 1123 2662 theils
1135 2606 1224 2672 freier,

73 2690 155 2746 theiis
174 2698 308 2761 strangu,
327 2693 392 2748 aber
408 2693 480 2747 nach
499 2691 572 2747 einer
588 2707 656 2762 ganz
674 2692 793 2747 anderen
812 2691 897 2760 Seite,
916 2691 957 2746 als
975 2691 1018 2747 die
1035 2691 1147 2761 Romen,
1165 2708 1225 2748 uer·

72 2774 163 2830 fahrt?
196 2777 271 2845 Quae
289 2777 342 2832 dici
359 2778 452 2847 nequit
469 2793 549 2848 quam
567 2793 640 2832 uana
657 2776 712 2831 sint
730 2780 757 2831 et
773 2776 878 2832 inania:
897 2792 960 2832 nam
977 2777 1092 2847 primum
1110 2793 1144 2833 ex
1155 2773 1225 2834 ‘cor-

72 2857 157 2916 recta'
177 2862 275 2932 padum
293 2867 422 2932 quattuor
441 2864 561 2932 priorum
578 2861 667 2917 forma
684 2862 752 2916 nihil
775 2864 909 2918 conclusit
926 2863 1127 2928 Lachmannus‚
1144 2865 1225 2919 immo

74 2962 108 3000 ex
126 2947 206 3002 nouis
224 2948 385 3016 quibusdam
402 2948 518 3002 licentiis
536 2948 687 3018 (anapaesti
705 2964 756 3002 usu
773 2954 801 3003 et
817 2948 919 3003 arsiam
937 2950 1086 3004 soluturum
1098 2949 1225 3018 frequen·

72 3033 137 3099 tia);
157 3032 252 3088 deinde
271 3033 416 3088 oholiambi
432 3033 562 3089 Babriani
580 3033 699 3101 pedesV
718 3040 744 3087 et
755 3033 794 3088 Vl
812 3033 1053 3088 scholiamborum
1066 3034 1226 3088 Latinorum
1270 3105 1275 3111 .

72 3117 149 3170 exitu
168 3117 267 3175 diuersi
284 3135 338 3174 non
357 3125 427 3185 sunt,
445 3119 497 3172 nisi
514 3117 586 3187 quod
604 3117 698 3173 ultima
714 3117 796 3186 longa
812 3117 929 3173 Babrins
948 3119 1012 3172 data
1029 3133 1113 3187 opera
1131 3119 1224 3184 utitur,

71 3202 101 3255 in
127 3218 180 3271 quo
204 3203 271 3258 nihil
293 3204 363 3259 inest
385 3204 457 3273 quod
483 3204 563 3273 plane
581 3203 746 3258 contrarium
762 3203 896 3258 nominari
914 3203 1009 3272 possit.
1045 3202 1224 3260 Nihilominus

73 3287 166 3342 Keller
183 3305 209 3358 p.
223 3293 272 3342 407
291 3288 359 3344 haee
377 3289 434 3344 iere
451 3288 485 3343 ad
503 3288 616 3342 uerbum
634 3288 785 3357 exscripsit.

159 3377 186 3437 2)
204 3373 374 3440 Argumenta
391 3375 449 3429 eius
466 3372 583 3444 plurima
599 3373 707 3428 Hecker
724 3373 832 3443 repetiit
848 3373 979 3428 Philolll
996 3391 1023 3443 p.
1034 3378 1083 3428 489
1093 3391 1132 3444 sq.

161 3463 188 3522 3)
206 3459 297 3515 Verba
313 3465 378 3514 sunt
395 3460 477 3515 haec:
496 3456 573 3513 ardica
590 3455 624 3511 ἄν
641 3477 682 3512 τις
699 3459 770 3511 εἴποι
787 3457 838 3512 τὸν
856 3456 937 3532 λόγον
954 3459 1004 3513 τὸν
1016 3458 1162 3526 Αἰσώπου,
1176 3462 1185 3530 ΙΙ
1197 3447 1226 3528 ἧς

72 3539 183 3606 ἔσχατοι
201 3547 348 3614 κρατοῦσιν
364 3540 427 3598 ἀντὶ
444 3546 503 3599 τῶν
518 3540 650 3618 πρώτων.
686 3542 772 3612 Finge
789 3542 839 3598 tibi
859 3545 952 3599 urbem
964 3547 1007 3600 uel
1019 3561 1076 3600 rem
1088 3546 1224 3616 publicam

71 3628 177 3698 Aesopi
194 3629 316 3682 fabulam
334 3630 479 3686 dicentem!
507 3628 599 3705 nitra,
619 3629 692 3698 quod
708 3628 797 3684 Boiss.
817 3631 939 3696 coniecit,
957 3647 1013 3688 non
1029 3631 1164 3701 intellego.
1176 3634 1189 3684 i
1200 3630 1242 3676 ιί
1264 3621 1303 3680 aa
1334 3653 1340 3670 e
1416 3675 1422 3682 .
1443 3654 1459 3708 a

159 3717 186 3779 4)
205 3714 364 3784 Hertzhergi
381 3715 482 3771 Kelleri
493 3712 595 3769 Naberi
612 3712 743 3768 nonnulla
762 3713 885 3770 omnibus
903 3717 993 3773 uerbis
1012 3716 1144 3783 exscribo,
1163 3731 1225 3770 narn
1267 3729 1312 3778 (a
1333 3705 1457 3790 fai-*1¹2

72 3803 181 3856 uomere
198 3789 232 3854 ea
249 3800 295 3854 uel
312 3815 455 3869 excerpere
473 3799 520 3855 ubi
539 3805 653 3855 conatus
671 3799 724 3854 aris
743 3800 820 3867 quasi
836 3799 907 3855 inter
918 3799 1016 3868 digitos
1030 3801 1079 3856 tibi
1091 3801 1225 3856 diffluant.
1275 3801 1397 3884 cael„

161 3889 187 3952 5)
204 3886 360 3950 Hominem,
385 3889 430 3952 qui
448 3901 494 3940 eos
511 3885 633 3950 finxerit,
656 3901 689 3940 ex
705 3883 865 3954 Byzantinis
882 3885 934 3941 illis
952 3885 1053 3940 saeculi
1071 3885 1123 3940 Vll
1141 3885 1225 3942 fuisse
1299 3889 1306 3912 ζ

72 3975 189 4041 apparet
206 3971 252 4039 qui
271 3991 336 4023 αιο
359 3970 494 4025 uocalium
518 3986 670 4026 mensuram
692 3972 881 4040 neglexerunt,
906 3971 941 4026 cf.
960 3976 975 4024 6
997 3961 1047 4024 ate
1070 3975 1099 4026 et
1116 3977 1129 4024 l
1149 3966 1226 4046 ὕβρις

71 4055 191 4112 ἐπέλθοι
208 4055 346 4122 (saumas
364 4055 438 4110 miso.
456 4054 587 4111 Friedem.
598 4073 624 4126 p.
634 4061 681 4112 637
691 4073 742 4126 sq„
761 4057 897 4128 Sauppins
910 4054 962 4109 Rh.
975 4053 1012 4108 M.
1026 4055 1052 4109 11
1063 4073 1090 4126 p.
1104 4061 1154 4112 644
1164 4061 1225 4128 sq.),

71 4157 126 4212 quo
151 4141 219 4197 uitio
242 4141 323 4196 etiam
349 4145 428 4208 19,6
452 4139 546 4208 (inpia
569 4143 730 4212 epitomator
754 4140 962 4212 deprehenditur
984 4139 1041 4227 (ubi
1057 4157 1113 4196 non
1131 4143 1225 4200 dubito
