2934 4690
243 339 303 401 194
718 337 782 393 0114
801 335 913 394 drusius

239 534 280 581 ne
302 531 366 579 una
388 509 517 594 quidem
539 510 651 578 ultima
674 507 778 576 breuis
799 509 979 577 inueniatur
993 510 1027 594 ¹),
1049 509 1082 576 in
1098 509 1151 575 AS
1174 507 1252 576 satis
1267 528 1392 595 paucae

240 613 397 696 certisque
418 612 534 680 finibus
556 611 820 697 circumscriptae,
844 613 882 678 cf.
899 612 1023 678 Ahrens
1043 609 1084 678 de
1100 612 1183 678 crasi
1197 631 1228 696 p.
1246 615 1295 694 31,
1318 609 1391 678 114.

239 717 260 782 1.
276 736 301 783 4.
317 737 342 784 4.
358 736 389 800 p.
406 719 457 799 62,
473 715 589 782 Ebcrh.
606 714 673 781 obs.
689 735 719 799 p.
737 717 765 795 8,
783 715 878 780 Babr.
895 716 996 800 praef.
1008 736 1038 800 p.
1051 713 1104 780 IV.
1135 714 1245 799 Longe
1260 713 1326 779 alia
1341 731 1391 778 ce-

239 826 377 887 terorum
399 816 776 900 choliambographorum
792 815 985 884 Graecorum
1008 821 1058 883 est
1078 835 1145 882 ars:
1168 811 1255 899 apud
1270 814 1392 900 Hippo·

239 926 364 988 nactem
380 919 512 989 enimin
527 918 672 985 uersibus
688 937 820 1002 quorum
837 918 980 986 clausula
999 917 1147 1002 cognosci
1165 921 1270 1001 potest
1284 921 1339 980 111
1361 917 1392 981 in

239 1019 302 1084 fine
320 1024 359 1083 45
375 1020 442 1085 fere
457 1021 660 1087 inueniuntur
682 1021 805 1104 breues,
827 1021 861 1085 in
879 1026 917 1085 14
933 1020 1050 1087 Ananii
1066 1023 1094 1103 6,
1117 1019 1150 1084 14
1171 1016 1392 1086 1544441414-

238 1120 289 1186 nis
313 1125 341 1206 7,
364 1119 397 1185 in
420 1121 587 1190 Phoenicis
610 1123 782 1206 53,17,14
805 1123 1012 1190 Parmenonis
1035 1128 1063 1207 5,
1081 1126 1109 1205 2,
1133 1121 1283 1187 Hermiae
1306 1124 1336 1204 6,
1364 1123 1392 1202 3,

239 1221 363 1306 Diphili
379 1225 413 1306 2,
433 1229 460 1307 1,
484 1222 634 1291 Herodae
652 1229 707 1306 16,
724 1228 754 1305 4,
776 1223 941 1290 Theocriti
956 1230 992 1307 4,
1011 1229 1039 1307 1,
1062 1221 1250 1290 Callimachi
1266 1226 1324 1306 37,
1344 1226 1392 1306 17,

238 1324 403 1409 Apollonii
424 1325 542 1392 Rhodii
565 1331 639 1410 3,1,
663 1327 793 1394 Charini
812 1333 841 1411 4,
858 1330 887 1411 2,
909 1325 1111 1410 Apollonidis
1129 1328 1158 1407 6,
1175 1327 1204 1407 3,
1227 1324 1260 1389 14
1281 1323 1391 1408 lapide
1453 1409 1454 1422 ἵ

239 1425 413 1508 Amorgino
433 1428 619 1512 Kaibelii3,
640 1433 665 1512 1,
688 1428 721 1494 14
744 1429 882 1494 carmine
905 1447 1065 1512 anonymo
1092 1424 1209 1492 aetatis
1232 1427 1391 1493 Traianae
1453 1423 1454 1512 j

242 1531 291 1612 12,
308 1533 342 1593 5:
365 1527 505 1595 medium
529 1529 625 1614 igitur
645 1549 812 1596 numerum
835 1528 863 1594 si
886 1529 1067 1614 quaerimus
1090 1525 1177 1614 apud
1197 1527 1390 1595 choliambo·

239 1630 380 1715 graphos
402 1635 530 1698 ueteres
552 1630 629 1715 (125
645 1657 652 1697 :
670 1631 723 1716 51)
747 1634 813 1699 fere
834 1631 869 1697 in
890 1632 991 1698 altero
1014 1649 1140 1713 quoque
1164 1649 1274 1713 uersu,
1305 1627 1391 1714 apud

240 1730 475 1800 Alexandrinos
497 1733 573 1816 (166
586 1757 593 1800 :
607 1737 661 1819 54)
682 1735 715 1801 14
738 1733 831 1800 tertio
851 1752 977 1815 quoque
992 1733 1176 1799 trochaeum
1191 1732 1321 1798 finalem
1338 1753 1389 1798 ex·
1453 1763 1454 1794 ;

240 1839 325 1900 stare
347 1833 503 1901 uidemus.
547 1834 652 1902 Minus
673 1835 770 1900 etiam
792 1835 897 1901 seueri
920 1853 1016 1916 quam
1043 1834 1160 1902 Graeci
1182 1834 1389 1902 1444441114-

241 1935 341 2001 mani:
375 1955 415 2002 ex
441 1940 500 2001 126
523 1936 914 2004 041411141441144111465
942 1937 1071 2004 breuem
1095 1936 1389 2019 4111444146441,

240 2057 281 2104 44
305 2039 345 2102 86
368 2037 575 2123 Priapeorum
598 2037 677 2122 32²),
701 2058 741 2105 44
764 2041 804 2101 49
827 2039 923 2123 primi
937 2038 1093 2105 Martialis
1115 2038 1190 2104 libri
1213 2041 1264 2122 24,
1288 2059 1330 2105 44
1354 2043 1388 2102 75

240 2136 422 2206 duodecimi
452 2143 509 2223 39,
538 2139 585 2206 ita
613 2145 647 2205 ut
675 2140 901 2234 minimumdin
925 2142 1059 2207 alterum
1083 2158 1242 2222 quemque
1264 2159 1389 2206 uersum

240 2240 370 2306 licentia
396 2239 454 2306 illa
483 2240 587 2307 cadat.
632 2240 735 2306 Aliter
757 2240 872 2308 Graeci
894 2241 927 2307 in
949 2243 1062 2308 ultima
1084 2243 1237 2310 bonorum
1260 2242 1386 2327 scripto·

241 2361 309 2408 rum
339 2345 455 2409 aetate.
501 2343 551 2409 De
581 2341 760 2409 choliambo
790 2341 919 2423 quidem
949 2345 1027 2411 certi
1055 2343 1135 2411 nihil
1159 2344 1256 2410 statui
1278 2351 1386 2430 potest,

242 2463 313 2510 cum
337 2442 430 2510 huius
453 2445 546 2510 metri
572 2463 682 2510 uersus
710 2464 774 2511 non
804 2450 929 2513 exstent
957 2444 1020 2512 nisi
1048 2445 1216 2514 duodecim
1239 2445 1388 2530 Diogenis

242 2544 362 2611 Laertii
385 2543 495 2628 (Mein.
512 2545 681 2612 choliamb.
697 2567 728 2631 p.
748 2549 803 2610 171
823 2553 856 2614 41
870 2547 993 2614 Nauck.
1010 2548 1125 2614 Philol.
1142 2549 1186 2614 VI
1202 2569 1233 2633 p.
1254 2547 1338 2634 146),
1359 2547 1388 2611 in

241 2646 357 2728 quibus
380 2652 428 2712 ter
449 2648 616 2714 trochaeus
638 2645 809 2714 adhibetur
830 2648 863 2713 in
885 2647 957 2715 1144.
1000 2648 1066 2717 Sed
1087 2650 1150 2735 ipsi
1172 2648 1323 2734 dactylici
1344 2647 1387 2714 illi

242 2754 374 2834 poetae,
397 2767 530 2830 quorum
553 2754 648 2832 caput
669 2756 718 2816 441
739 2749 881 2834 Nonnus,
907 2749 1045 2817 similem
1067 2751 1172 2835 legem
1196 2753 1338 2819 consulto
1359 2753 1388 2815 41

242 2870 341 2934 opera
363 2848 440 2916 data
461 2850 720 2931 obseruauemnt,
744 2852 782 2917 of.
798 2851 925 2936 Struve,
948 2853 989 2919 de
1008 2852 1096 2920 exitu
1113 2873 1224 2921 uersus
1239 2854 1273 2918 in
1288 2852 1387 2920 Nomi

243 2951 437 3018 carminibus
458 2970 489 3034 p.
510 2953 546 3014 18
562 2969 642 3034 sqq,
665 2952 703 3017 Α.
720 2951 884 3037 Ludwich,
901 2975 926 3020 a.
943 2953 1050 3020 Kritih
1074 2954 1131 3023 des
1147 2957 1279 3022 Nonnus
1295 2975 1325 3040 p.
1341 2958 1386 3018 66.
1454 2997 1455 3046 ,

244 3057 294 3119 71.
311 3057 350 3117 79
363 3052 399 3136 3).
436 3052 602 3134 Aquihus
624 3054 657 3117 in
680 3073 718 3119 eo
734 3060 857 3120 tantum
872 3055 1009 3121 Babrius
1026 3056 1156 3141 recedit,
1180 3057 1267 3140 qnod
1282 3056 1340 3140 μὲν
1355 3054 1387 3118 δὲ

331 3243 354 3304 1)
372 3237 478 3292 Dubius
497 3241 538 3290 est
560 3239 620 3303 126,
637 3240 652 3290 8
670 3237 717 3292 ubi
734 3237 759 3292 V
777 3239 860 3293 habet
876 3235 963 3305 ‘pocae
983 3235 1111 3294 cantasti'
1132 3241 1167 3294 ab
1186 3239 1332 3296 editoribus
1349 3254 1386 3294 rc-

243 3327 363 3392 ceptum,
388 3321 410 3375 P
433 3320 567 3376 uetustior
583 3315 756 3393 ‘dqpovldqre
776 3327 881 3378 aestate
898 3323 1015 3393 cantas‘,
1034 3324 1105 3393 quod
1123 3324 1177 3379 leui
1195 3340 1287 3380 errore
1304 3329 1387 3380 ortum

243 3422 302 3462 esse
327 3409 441 3476 apparet
463 3421 497 3460 ex
515 3420 581 3460 nera
599 3407 739 3462 Bodleiani
757 3407 1260 3481 θέρουςη614ι44441414444114446
1279 3409 1386 3465 Arsenio

243 3507 361 3564 paroem.
373 3491 399 3545 11
408 3508 434 3560 p.
445 3495 494 3546 388
512 3495 540 3545 et
558 3491 711 3547 fabulatore
730 3493 758 3547 0.
768 3510 794 3561 p.
807 3498 855 3547 235
875 3497 992 3548 seruata.

330 3579 355 3641 2)
372 3575 473 3644 Magna
495 3575 672 3646 Priapeorum
692 3577 872 3646 inaequalitas
893 3580 927 3645 (c.
943 3582 973 3632 31
994 3583 1071 3633 4173
1095 3595 1224 3634 uersuum
1247 3587 1386 3650 quaterno·

244 3677 304 3717 rum
321 3659 426 3715 nullum
444 3661 602 3716 trochaeum
619 3661 727 3716 finalem
739 3662 848 3729 habent,
867 3678 890 3716 c.
902 3666 934 3717 36
944 3679 991 3717 44.
1006 3667 1043 3729 11,
1054 3667 1078 3729 3,
1089 3679 1113 3718 4.
1123 3668 1155 3718 78
1165 3681 1211 3720 uu.
1222 3669 1246 3730 5,
1259 3671 1280 3732 1,
1300 3665 1386 3720 contra

245 3762 268 3801 c.
280 3751 309 3800 47
326 3762 372 3800 uu.
384 3749 407 3814 6,
418 3751 441 3812 4,
462 3762 484 3800 4.
494 3751 524 3800 51
541 3760 588 3800 uu.
598 3749 638 3812 28,
652 3751 690 3812 11,
711 3762 734 3800 c.
744 3750 777 3799 58
791 3763 837 3801 uu.
848 3751 873 3813 4,
883 3751 907 3814 3,
927 3763 950 3803 4.
962 3751 993 3802 63
1009 3764 1054 3802 uu.
1068 3752 1159 3816 1816)
1178 3750 1321 3804 tribuenda
1338 3762 1387 3802 non

243 3831 352 3885 uidetur
375 3829 533 3900 disciplinae
555 3829 661 3898 artique
684 3829 820 3896 (11444444,
847 3831 927 3886 1444
952 3832 1003 3887 soli
1028 3832 1117 3901 casui,
1145 3835 1276 3902 siqnidem
1297 3832 1387 3890 similia

243 3916 324 3970 etiarn
342 3915 414 3984 apud
433 3915 568 3970 Catullum
585 3919 699 3983 possunt
718 3915 859 3970 obseruari
876 3921 954 3983 (431
974 3934 1020 3972 44.
1039 3921 1085 3984 14,
1105 3922 1121 3972 4
1138 3920 1281 3975 trochaeos
1299 3918 1386 3973 finales

244 3999 335 4067 habat,
355 4016 377 4055 c.
389 4004 421 4055 22
437 4016 482 4055 uu.
493 4004 534 4065 21,
547 4004 596 4066 11).

330 4087 356 4149 3)
375 4085 534 4140 Nonnianas
552 4085 644 4139 similis
663 4101 708 4140 ars
727 4086 783 4140 eins
802 4086 917 4155 uidetur,
937 4086 982 4155 qui
1000 4087 1162 4143 hexametris
1177 4087 1285 4145 fabulas
1298 4085 1385 4144 134141-
