2934 4690
223 269 284 332 196
702 270 766 325 Otto
784 269 896 325 cronius

305 446 374 511 Nec
402 462 478 509 uero
506 447 641 508 metrum
671 439 782 524 modo,
812 440 869 508 sed
891 441 961 527 ipse
984 441 1080 508 etiam
1103 460 1206 507 sermo
1229 441 1373 509 Graecus

220 547 295 612 huin
317 545 495 612 sententiae
518 563 613 626 quam
634 543 775 609 maxime
798 545 894 610 fauet.
939 544 1023 609 Nam
1051 543 1177 609 etiamsi
1200 544 1373 610 nonnullae

222 669 262 716 ex
284 647 497 714 locutionibus
519 644 652 712 nouiciis
676 644 846 728 diligenter
867 643 1099 712 aZachariaeo
1122 665 1153 729 p.
1170 649 1275 708 6-16
1300 665 1372 712 con·

221 749 320 833 gestis
342 749 481 815 incertae
504 753 576 812 sunt
598 746 651 814 uel
673 753 783 831 aperte
808 746 997 814 subditiciae
1010 747 1048 830 ¹),
1077 746 1234 832 plurimae
1264 753 1372 813 tamen

220 871 279 936 per
301 871 336 918 se
357 849 479 916 nullam
501 849 622 914 habent
644 848 885 916 dubitationem.
930 849 1047 914 Verum
1074 854 1109 914 ut
1130 847 1373 914 fundamentum

222 971 317 1034 quam
340 951 554 1018 firmissimum
577 952 758 1017 substrnanr
782 950 854 1016 huic
875 955 1072 1032 argumento,
1095 969 1151 1016 eas
1165 949 1198 1015 in
1212 970 1275 1016 uno
1299 969 1372 1016 con-

221 1060 332 1140 speetu
361 1072 444 1118 nuno
474 1072 677 1136 componam,
711 1071 793 1132 quae
826 1052 859 1118 in
892 1052 969 1118 locis
1000 1050 1148 1118 Dosithei
1180 1051 1373 1118 Aldinorum

222 1154 343 1221 Suidae
365 1154 547 1220 testimonio
569 1153 702 1218 firmatis
726 1153 936 1220 inueniuntur.

221 1290 455 1356 Dositheus.

309 1395 384 1475 126,
407 1395 426 1454 2
451 1387 833 1474 ...σῖτον...ἒ’ψυχε
863 1389 996 1478 μύρμηξ
1016 1390 1044 1455 V
1066 1396 1099 1457 et
1126 1393 1151 1457 P
1181 1389 1257 1475 (nisi
1286 1394 1373 1473 quod

220 1494 298 1561 uitio
328 1493 474 1560 sollemni
503 1518 522 1580 η
551 1493 650 1558 habet
677 1513 734 1577 pro
764 1489 778 1557 ἐ
805 1493 910 1576 priore
933 1499 964 1559 et
987 1518 999 1558 ι
1021 1513 1078 1577 pro
1100 1491 1144 1580 η).
1188 1491 1308 1576 ψύχειν
1329 1525 1373 1546 --

221 1598 341 1663 siccare
361 1596 394 1660 in
418 1594 678 1662 consuetudinem
701 1595 915 1677 recipiebatur
936 1593 1038 1679 primo
1058 1614 1089 1678 p.
1106 1593 1178 1660 Chr.
1194 1616 1225 1661 n.
1242 1599 1371 1664 saeculo

220 1698 363 1780 satisque
384 1697 534 1782 frequens
556 1703 626 1763 erat
647 1703 789 1780 tempore
811 1697 1005 1782 posteriore,
1035 1695 1073 1762 cf.
1098 1716 1180 1779 quae
1213 1701 1372 1784 congessit

222 1799 398 1867 Zachariae
420 1819 450 1883 p.
468 1802 517 1864 26.

308 1905 412 1985 126‚3
438 1951 445 1966 .
470 1952 478 1966 .
500 1952 507 1967 .
529 1897 661 1976 τέττιξ.
680 1897 945 1983 ..λιμώττων
968 1901 1005 1985 V,
1036 1900 1223 1983 λιμωτιχιον
1252 1902 1278 1966 Ρ
1307 1901 1372 1968 leui

221 2024 341 2088 errore;
372 2004 410 2070 cf.
435 2008 486 2088 45,
510 2005 528 2067 8
552 1996 636 2089 ἶν’κρα
659 2000 845 2085 λιμώττειν.
891 1999 1068 2084 λιμώττειν
1089 2023 1147 2086 pro
1165 2003 1271 2069 Attico
1295 2027 1371 2070 κτει-

221 2108 278 2193 νῆν
300 2106 510 2172 recentiorum
533 2112 583 2170 est
604 2103 768 2186 (Luciam,
791 2104 1011 2189 Alciphronis,
1033 2103 1188 2189 Appiani,
1220 2105 1370 2191 losephi)‚

221 2207 259 2274 cf.
277 2207 451 2273 Zachariae
466 2227 497 2290 p.
518 2210 564 2271 13.

219 2342 367 2409 Aldini.

309 2447 389 2527 12,1
417 2440 647 2532 ἐξενιωτήθη
670 2444 752 2528 Aa²;
775 2443 991 2510 necessarium
1013 2450 1061 2522 est
1080 2449 1211 2527 propter
1225 2450 1368 2511 metrum.

221 2544 443 2611 ἑκττωτᾶσθαι
465 2577 506 2599 =-·-
529 2542 742 2610 ἐκπονεῖσθαι
771 2566 834 2612 non
862 2544 1021 2612 inuenitur
1047 2545 1109 2610 nisi
1142 2544 1229 2630 apud
1257 2547 1369 2614 Eusta-

221 2648 330 2713 thium.
375 2649 564 2713 πωτᾶσθαι
586 2648 723 2731 simplex
746 2653 852 2713 exstat
873 2647 939 2713 iam
961 2646 1046 2733 apud
1065 2646 1238 2714 Homerum
1253 2649 1368 2714 Pinda-

221 2769 290 2815 rum
312 2748 517 2815 Theocritum
540 2750 631 2834 alios,
654 2749 692 2815 cl.
716 2749 870 2815 Schaeier
890 2750 986 2832 Greg.
1003 2749 1073 2816 Cor.
1089 2769 1121 2833 p.
1138 2752 1216 2833 2723
1244 2771 1367 2836 compo-

221 2851 317 2917 situm
349 2847 592 2933 incantatorum
619 2851 717 2917 habet
750 2871 829 2917 unus
857 2851 1026 2936 Philippus
1054 2851 1243 2917 Thessalon.
1273 2853 1367 2918 Anth.

219 2953 288 3019 Pal.
304 2953 359 3037 lx,
377 2955 427 3036 83,
447 2958 460 3017 1
487 2950 719 3040 ἐνιενιωτιόμην
741 2948 825 3038 ὑπὲρ
848 2945 963 3040 ἅλμης.
1000 2954 1051 3019 De
1068 2951 1217 3019 uniuersa
1232 2954 1294 3020 hac
1308 2955 1367 3020 for·

220 3053 330 3121 mandi
352 3055 475 3122 ratione
498 3057 536 3121 cl.
554 3055 693 3122 Lobeok.
711 3056 828 3142 Phryn.
843 3078 874 3142 p.
892 3051 1183 3139 580sq.(par.111,
1201 3054 1241 3138 5).

305 3157 352 3224 lb.
368 3177 398 3224 u.
415 3161 433 3222 8
456 3159 591 3244 πρῶτον
605 3157 721 3240 βλέπω
738 3179 775 3222 σε
791 3155 933 3245 σήμερον
948 3153 1047 3240 μετὰ
1066 3154 1233 3244 Θρᾴκην
1248 3159 1367 3242 Ααῑῖθ,

220 3256 306 3340 quod
335 3255 418 3339 μετὰ
446 3255 506 3346 τὴν
536 3255 569 3323 ἐν
601 3256 713 3346 Θρᾴκῃ
744 3255 919 3347 συμφορὰν
947 3263 1032 3324 recte
1063 3256 1289 3343 interpretatus
1322 3265 1368 3327 est

220 3422 277 3478 scio
296 3438 332 3477 an
349 3438 403 3478 non
420 3429 475 3478 tam
493 3429 606 3494 propter
622 3430 708 3482 artem
726 3432 868 3496 poetarum
885 3424 1018 3488 omiserit,
1044 3439 1124 3493 quam
1146 3439 1196 3480 sna
1213 3425 1298 3495 ipsius
1316 3427 1366 3481 dis·

220 3507 362 3576 putatione
376 3507 527 3577 impeditus,
547 3526 608 3565 cum
619 3511 738 3582 rhythmi
751 3510 856 3583 τροπὴν
867 3511 895 3563 in
907 3509 961 3564 fine
973 3513 1094 3564 statuere
1105 3509 1200 3578 nollet;
1219 3511 1286 3567 dicit
1300 3512 1367 3567 eninr

220 3591 312 3662 paullo
330 3595 424 3647 antea:
452 3591 484 3647 τὸ
503 3591 533 3647 δὲ
551 3596 680 3665 ἰαμβικὸν
701 3593 806 3660 δέχεται
829 3591 976 3658 δάκτυλον,
998 3598 1159 3666 τρίβραχνν,
1184 3591 1365 3650 ἀνάπαιστον·

220 3681 386 3750 τροχαῖον
404 3675 439 3731 δὲ
457 3675 526 3732 οὐδ’
546 3674 649 3735 ὅλως·
668 3683 705 3734 εἰς
721 3683 815 3752 ἕτερον
831 3677 883 3750 γὰρ
901 3672 1070 3747 τραπήσεται
1087 3684 1196 3751 μέτρον.

310 3764 332 3826 1)
350 3767 405 3830 p.'l
425 3765 517 3819 attunt
534 3761 641 3834 βοώτητ
658 3769 699 3832 51,
710 3769 737 3818 3:
755 3764 833 3819 locus
852 3767 1008 3820 contractus
1026 3762 1146 3830 uidetur3
1165 3781 1190 3834 p.
1207 3769 1223 3819 9
1241 3761 1365 3840 ὑπερεθί-

222 3849 278 3910 ζειν
295 3851 337 3912 95,
348 3851 394 3900 65:
413 3847 488 3904 locus
506 3856 600 3919 aperte
618 3854 774 3918 corruptus;
792 3863 819 3918 p.
834 3853 862 3901 11
883 3844 994 3920 ὄγκωμα
1014 3852 1061 3902 138
1079 3848 1107 3902 in
1125 3849 1250 3906 uersibus
1268 3850 1366 3906 relictis

221 3930 355 4000 planeque
365 3930 488 4001 incer-tim
506 3951 532 4004 p.
546 3940 574 3988 11
588 3930 728 3987 ἀτακτεῖν
744 3923 799 4000 12'3,
810 3939 839 3988 σε
858 3937 954 3988 uersus
967 3939 1031 3988 sunt
1043 3933 1193 3996 subditicii;
1212 3951 1239 4006 p.
1254 3941 1283 3991 13
1295 3953 1365 4005 μεσι·

220 4019 278 4081 τιιη
297 4019 338 4082 39,
349 4018 378 4070 8:
397 4016 490 4074 fabula
507 4023 649 4074 contracta
661 4023 688 4073 et
700 4018 863 4088 interpolata
875 4022 930 4086 (uu.
940 4023 954 4073 ³
966 4034 1004 4087 sq.
1016 4018 1165 4076 subditioii:
1185 4019 1219 4074 cl.
1230 4025 1272 4086 40,
1283 4025 1298 4074 5
1309 4023 1365 4089 aql.
