<?xml version="1.0" encoding="UTF-8"?>
<!DOCTYPE html PUBLIC "-//W3C//DTD XHTML 1.0 Transitional//EN"
    "http://www.w3.org/TR/xhtml1/DTD/xhtml1-transitional.dtd">
<html xmlns="http://www.w3.org/1999/xhtml" xml:lang="en" lang="en">
 <head>
  <title>
</title>
<meta http-equiv="Content-Type" content="text/html;charset=utf-8" />
  <meta name='ocr-system' content='tesseract 3.04.00' />
  <meta name='ocr-capabilities' content='ocr_page ocr_carea ocr_par ocr_line ocrx_word'/>
</head>
<body>
  <div class='ocr_page' id='page_1' title='image "./debabriiaetate00crusgoog_0080.png"; bbox 0 0 2934 4690; ppageno 0'>
   <div class='ocr_carea' id='block_1_1' title="bbox 497 323 1205 386">
    <p class='ocr_par' dir='ltr' id='par_1_1' title="bbox 497 323 1205 386">
     <span class='ocr_line' id='line_1_1' title="bbox 497 323 1205 386; baseline -0.001 -1"><span class='ocrx_word' id='word_1_1' title='bbox 497 331 529 386; x_wconf 90' lang='lat' dir='ltr'>de</span> <span class='ocrx_word' id='word_1_2' title='bbox 546 329 641 386; x_wconf 86' lang='lat' dir='ltr'>Babrii</span> <span class='ocrx_word' id='word_1_3' title='bbox 658 333 756 384; x_wconf 88' lang='lat' dir='ltr'>aetate.</span> <span class='ocrx_word' id='word_1_4' title='bbox 1146 323 1205 386; x_wconf 80' lang='lat'>197</span> 
     </span>
    </p>
   </div>
   <div class='ocr_carea' id='block_1_2' title="bbox 19 498 1207 1913">
    <p class='ocr_par' dir='ltr' id='par_1_2' title="bbox 67 498 1207 1709">
     <span class='ocr_line' id='line_1_2' title="bbox 74 498 1204 587; baseline -0.004 -16"><span class='ocrx_word' id='word_1_5' title='bbox 74 504 207 570; x_wconf 83' lang='lat' dir='ltr'>Schaefer</span> <span class='ocrx_word' id='word_1_6' title='bbox 222 503 296 569; x_wconf 87' lang='lat' dir='ltr'>Aes.</span> <span class='ocrx_word' id='word_1_7' title='bbox 315 503 385 569; x_wconf 76' lang='lat' dir='ltr'>Fur.</span> <span class='ocrx_word' id='word_1_8' title='bbox 401 521 431 586; x_wconf 89' lang='lat' dir='ltr'>p.</span> <span class='ocrx_word' id='word_1_9' title='bbox 450 500 534 568; x_wconf 74' lang='lat' dir='ltr'>CXC</span> <span class='ocrx_word' id='word_1_10' title='bbox 556 500 630 569; x_wconf 90' lang='lat' dir='ltr'>adn.</span> <span class='ocrx_word' id='word_1_11' title='bbox 646 501 819 586; x_wconf 83' lang='lat' dir='ltr'>Tyrwhitti</span> <span class='ocrx_word' id='word_1_12' title='bbox 841 501 1021 568; x_wconf 88' lang='lat' dir='ltr'>coniectura</span> <span class='ocrx_word' id='word_1_13' title='bbox 1043 498 1127 566; x_wconf 82' lang='grc' dir='ltr'>κατὰ</span> <span class='ocrx_word' id='word_1_14' title='bbox 1146 505 1204 587; x_wconf 87' lang='grc' dir='ltr'>Θρ.</span> 
     </span>
     <span class='ocr_line' id='line_1_3' title="bbox 73 601 1204 689; baseline -0.001 -18"><span class='ocrx_word' id='word_1_15' title='bbox 73 606 201 672; x_wconf 88' lang='lat' dir='ltr'>refutata.</span> <span class='ocrx_word' id='word_1_16' title='bbox 246 605 317 671; x_wconf 91' lang='lat' dir='ltr'>Hac</span> <span class='ocrx_word' id='word_1_17' title='bbox 345 603 553 688; x_wconf 79' lang='lat' dir='ltr'>brachylogia</span> <span class='ocrx_word' id='word_1_18' title='bbox 580 604 745 688; x_wconf 81' lang='lat' dir='ltr'>sophistae</span> <span class='ocrx_word' id='word_1_19' title='bbox 772 602 973 689; x_wconf 91' lang='lat' dir='ltr'>potissimum</span> <span class='ocrx_word' id='word_1_20' title='bbox 1003 601 1118 670; x_wconf 89' lang='lat' dir='ltr'>aetatis</span> <span class='ocrx_word' id='word_1_21' title='bbox 1143 603 1204 670; x_wconf 91' lang='lat' dir='ltr'>Ro-</span> 
     </span>
     <span class='ocr_line' id='line_1_4' title="bbox 73 705 1206 791; baseline -0.001 -19"><span class='ocrx_word' id='word_1_22' title='bbox 73 729 170 775; x_wconf 80' lang='lat' dir='ltr'>manae</span> <span class='ocrx_word' id='word_1_23' title='bbox 192 715 266 774; x_wconf 90' lang='lat' dir='ltr'>sunt</span> <span class='ocrx_word' id='word_1_24' title='bbox 288 706 338 772; x_wconf 90' lang='lat' dir='ltr'>usi</span> <span class='ocrx_word' id='word_1_25' title='bbox 349 708 391 789; x_wconf 85' lang='lat'>¹),</span> <span class='ocrx_word' id='word_1_26' title='bbox 422 705 510 772; x_wconf 91' lang='lat' dir='ltr'>uelut</span> <span class='ocrx_word' id='word_1_27' title='bbox 533 706 715 772; x_wconf 89' lang='lat' dir='ltr'>Philostrat.</span> <span class='ocrx_word' id='word_1_28' title='bbox 732 705 856 772; x_wconf 90' lang='lat' dir='ltr'>Heroio.</span> <span class='ocrx_word' id='word_1_29' title='bbox 872 727 903 791; x_wconf 89' lang='lat' dir='ltr'>p.</span> <span class='ocrx_word' id='word_1_30' title='bbox 923 709 982 770; x_wconf 85' lang='grc'>194</span> <span class='ocrx_word' id='word_1_31' title='bbox 1007 705 1148 773; x_wconf 90' lang='lat' dir='ltr'>Boisson.</span> <span class='ocrx_word' id='word_1_32' title='bbox 1173 705 1206 772; x_wconf 83' lang='grc' dir='ltr'>οἱ</span> 
     </span>
     <span class='ocr_line' id='line_1_5' title="bbox 74 804 1206 897; baseline 0.002 -25"><span class='ocrx_word' id='word_1_33' title='bbox 74 807 101 873; x_wconf 77' lang='lat' dir='ltr'>di</span> <span class='ocrx_word' id='word_1_34' title='bbox 126 808 278 897; x_wconf 77' lang='grc' dir='ltr'>ἑξήκοντα</span> <span class='ocrx_word' id='word_1_35' title='bbox 306 810 361 873; x_wconf 87' lang='grc' dir='ltr'>καὶ</span> <span class='ocrx_word' id='word_1_36' title='bbox 391 804 507 872; x_wconf 80' lang='grc' dir='ltr'><em>ἑκατὸν</em></span> <span class='ocrx_word' id='word_1_37' title='bbox 536 805 591 894; x_wconf 69' lang='grc' dir='ltr'>ἔτη</span> <span class='ocrx_word' id='word_1_38' title='bbox 620 811 790 892; x_wconf 82' lang='grc' dir='ltr'><em>γεγονέναι</em></span> <span class='ocrx_word' id='word_1_39' title='bbox 811 805 894 890; x_wconf 83' lang='grc' dir='ltr'>μετὰ</span> <span class='ocrx_word' id='word_1_40' title='bbox 916 805 975 894; x_wconf 82' lang='grc' dir='ltr'>τὴν</span> <span class='ocrx_word' id='word_1_41' title='bbox 1002 813 1125 893; x_wconf 89' lang='grc' dir='ltr'><em>Τροίαν</em></span> <span class='ocrx_word' id='word_1_42' title='bbox 1148 805 1206 874; x_wconf 76' lang='grc' dir='ltr'>ἐπὶ</span> 
     </span>
     <span class='ocr_line' id='line_1_6' title="bbox 67 903 1207 999; baseline 0.001 -24"><span class='ocrx_word' id='word_1_43' title='bbox 67 903 193 999; x_wconf 83' lang='grc' dir='ltr'><em>Ὅμηρόν</em></span> <span class='ocrx_word' id='word_1_44' title='bbox 215 915 252 975; x_wconf 86' lang='grc' dir='ltr'>τέ</span> <span class='ocrx_word' id='word_1_45' title='bbox 274 933 361 998; x_wconf 88' lang='grc' dir='ltr'><em>φασι</em></span> <span class='ocrx_word' id='word_1_46' title='bbox 382 911 438 975; x_wconf 85' lang='grc' dir='ltr'>καὶ</span> <span class='ocrx_word' id='word_1_47' title='bbox 450 905 615 990; x_wconf 83' lang='grc' dir='ltr'><em>Ἡσίοδον,</em></span> <span class='ocrx_word' id='word_1_48' title='bbox 638 908 750 976; x_wconf 90' lang='lat' dir='ltr'>Liban.</span> <span class='ocrx_word' id='word_1_49' title='bbox 766 909 811 976; x_wconf 92' lang='lat' dir='ltr'>IV</span> <span class='ocrx_word' id='word_1_50' title='bbox 825 931 854 995; x_wconf 90' lang='lat' dir='ltr'>p.</span> <span class='ocrx_word' id='word_1_51' title='bbox 876 914 955 974; x_wconf 89' lang='grc'>11114</span> <span class='ocrx_word' id='word_1_52' title='bbox 977 907 1061 991; x_wconf 76' lang='grc' dir='ltr'>μετὰ</span> <span class='ocrx_word' id='word_1_53' title='bbox 1076 909 1207 997; x_wconf 78' lang='grc' dir='ltr'><em>Πήλιον</em></span> 
     </span>
     <span class='ocr_line' id='line_1_7' title="bbox 73 1008 1205 1098; baseline 0 -19"><span class='ocrx_word' id='word_1_54' title='bbox 73 1008 85 1078; x_wconf 83' lang='grc' dir='ltr'><em>ὃ</em></span> <span class='ocrx_word' id='word_1_55' title='bbox 104 1013 255 1097; x_wconf 73' lang='grc' dir='ltr'><em>θάλαμος</em></span> <span class='ocrx_word' id='word_1_56' title='bbox 277 1013 355 1092; x_wconf 75' lang='grc' dir='ltr'>κτλ,</span> <span class='ocrx_word' id='word_1_57' title='bbox 378 1011 420 1078; x_wconf 85' lang='grc'>11).</span> <span class='ocrx_word' id='word_1_58' title='bbox 436 1032 468 1096; x_wconf 90' lang='lat' dir='ltr'>p.</span> <span class='ocrx_word' id='word_1_59' title='bbox 488 1013 545 1074; x_wconf 84' lang='grc'>119</span> <span class='ocrx_word' id='word_1_60' title='bbox 569 1008 754 1098; x_wconf 77' lang='grc' dir='ltr'><em>ἐπανήρχου</em></span> <span class='ocrx_word' id='word_1_61' title='bbox 775 1010 810 1076; x_wconf 78' lang='grc' dir='ltr'>δὲ</span> <span class='ocrx_word' id='word_1_62' title='bbox 825 1009 909 1095; x_wconf 82' lang='grc' dir='ltr'>μετὰ</span> <span class='ocrx_word' id='word_1_63' title='bbox 930 1016 1062 1098; x_wconf 90' lang='grc' dir='ltr'><em>Τροίαν,</em></span> <span class='ocrx_word' id='word_1_64' title='bbox 1086 1011 1205 1080; x_wconf 87' lang='lat' dir='ltr'>Himer.</span> 
     </span>
     <span class='ocr_line' id='line_1_8' title="bbox 72 1106 1207 1202; baseline 0 -22"><span class='ocrx_word' id='word_1_65' title='bbox 72 1136 106 1181; x_wconf 90' lang='lat' dir='ltr'>or.</span> <span class='ocrx_word' id='word_1_66' title='bbox 125 1116 235 1199; x_wconf 87' lang='lat' dir='ltr'>XXII,</span> <span class='ocrx_word' id='word_1_67' title='bbox 260 1121 278 1179; x_wconf 90' lang='lat'>4</span> <span class='ocrx_word' id='word_1_68' title='bbox 306 1111 413 1202; x_wconf 84' lang='grc' dir='ltr'><em>σοφὸς</em></span> <span class='ocrx_word' id='word_1_69' title='bbox 443 1106 525 1202; x_wconf 72' lang='grc' dir='ltr'><em>ἀνὴρ</em></span> <span class='ocrx_word' id='word_1_70' title='bbox 550 1111 634 1196; x_wconf 81' lang='grc' dir='ltr'>μετὰ</span> <span class='ocrx_word' id='word_1_71' title='bbox 657 1111 847 1190; x_wconf 79' lang='grc' dir='ltr'><em>Κύκλωπας</em></span> <span class='ocrx_word' id='word_1_72' title='bbox 871 1114 928 1178; x_wconf 84' lang='grc' dir='ltr'>καὶ</span> <span class='ocrx_word' id='word_1_73' title='bbox 949 1112 1207 1201; x_wconf 69' lang='grc' dir='ltr'><strong><em>Λαιστρυγόνας</em></strong></span> 
     </span>
     <span class='ocr_line' id='line_1_9' title="bbox 71 1215 1206 1302; baseline 0.001 -21"><span class='ocrx_word' id='word_1_74' title='bbox 71 1219 115 1282; x_wconf 80' lang='grc' dir='ltr'>καὶ</span> <span class='ocrx_word' id='word_1_75' title='bbox 141 1217 321 1282; x_wconf 70' lang='grc' dir='ltr'><em>θάλασσαν</em></span> <span class='ocrx_word' id='word_1_76' title='bbox 348 1215 418 1300; x_wconf 83' lang='lat' dir='ltr'>(ubi</span> <span class='ocrx_word' id='word_1_77' title='bbox 441 1215 504 1283; x_wconf 91' lang='lat' dir='ltr'>uid.</span> <span class='ocrx_word' id='word_1_78' title='bbox 527 1216 722 1282; x_wconf 85' lang='lat' dir='ltr'>Wernsdorf.</span> <span class='ocrx_word' id='word_1_79' title='bbox 744 1238 775 1302; x_wconf 91' lang='lat' dir='ltr'>p.</span> <span class='ocrx_word' id='word_1_80' title='bbox 799 1217 869 1300; x_wconf 82' lang='grc'>11),</span> <span class='ocrx_word' id='word_1_81' title='bbox 898 1215 1052 1300; x_wconf 84' lang='lat' dir='ltr'>Synesius</span> <span class='ocrx_word' id='word_1_82' title='bbox 1075 1238 1106 1302; x_wconf 92' lang='lat' dir='ltr'>p.</span> <span class='ocrx_word' id='word_1_83' title='bbox 1124 1217 1206 1282; x_wconf 88' lang='lat' dir='ltr'>78B</span> 
     </span>
     <span class='ocr_line' id='line_1_10' title="bbox 71 1310 1206 1406; baseline -0.001 -22"><span class='ocrx_word' id='word_1_84' title='bbox 71 1317 325 1402; x_wconf 61' lang='grc' dir='ltr'><em>Λακεδαιμόνιοι</em></span> <span class='ocrx_word' id='word_1_85' title='bbox 346 1315 408 1405; x_wconf 84' lang='grc' dir='ltr'>γὰρ</span> <span class='ocrx_word' id='word_1_86' title='bbox 430 1315 515 1400; x_wconf 84' lang='grc' dir='ltr'>μετὰ</span> <span class='ocrx_word' id='word_1_87' title='bbox 534 1321 671 1404; x_wconf 82' lang='grc' dir='ltr'><em>Θυρέαν,</em></span> <span class='ocrx_word' id='word_1_88' title='bbox 684 1310 828 1406; x_wconf 77' lang='grc' dir='ltr'><em>Ἀργεῖοι</em></span> <span class='ocrx_word' id='word_1_89' title='bbox 851 1317 887 1383; x_wconf 76' lang='grc' dir='ltr'>δὲ</span> <span class='ocrx_word' id='word_1_90' title='bbox 902 1315 968 1405; x_wconf 83' lang='grc' dir='ltr'>ντρὸ</span> <span class='ocrx_word' id='word_1_91' title='bbox 988 1321 1117 1404; x_wconf 82' lang='grc' dir='ltr'><em>Θυρέας</em></span> <span class='ocrx_word' id='word_1_92' title='bbox 1135 1315 1206 1383; x_wconf 74' lang='grc' dir='ltr'><em>ἐκύ-</em></span> 
     </span>
     <span class='ocr_line' id='line_1_11' title="bbox 71 1419 1205 1508; baseline 0.002 -24"><span class='ocrx_word' id='word_1_93' title='bbox 71 1443 181 1508; x_wconf 73' lang='grc' dir='ltr'><em>μησανε</em></span> <span class='ocrx_word' id='word_1_94' title='bbox 204 1423 243 1488; x_wconf 86' lang='lat' dir='ltr'>of.</span> <span class='ocrx_word' id='word_1_95' title='bbox 260 1419 393 1486; x_wconf 77' lang='lat' dir='ltr'>Sehbfer</span> <span class='ocrx_word' id='word_1_96' title='bbox 408 1420 427 1484; x_wconf 94' lang='lat' dir='ltr'>l.</span> <span class='ocrx_word' id='word_1_97' title='bbox 444 1440 469 1486; x_wconf 90' lang='lat' dir='ltr'>s.</span> <span class='ocrx_word' id='word_1_98' title='bbox 485 1440 520 1502; x_wconf 90' lang='lat' dir='ltr'>s.‚</span> <span class='ocrx_word' id='word_1_99' title='bbox 544 1420 666 1487; x_wconf 90' lang='lat' dir='ltr'>Knooh.</span> <span class='ocrx_word' id='word_1_100' title='bbox 683 1421 778 1487; x_wconf 90' lang='lat' dir='ltr'>Babr.</span> <span class='ocrx_word' id='word_1_101' title='bbox 794 1442 825 1506; x_wconf 93' lang='lat' dir='ltr'>p.</span> <span class='ocrx_word' id='word_1_102' title='bbox 843 1424 892 1505; x_wconf 83' lang='lat'>58,</span> <span class='ocrx_word' id='word_1_103' title='bbox 915 1420 1113 1506; x_wconf 83' lang='lat' dir='ltr'>Bernhardy,</span> <span class='ocrx_word' id='word_1_104' title='bbox 1133 1440 1205 1506; x_wconf 90' lang='lat' dir='ltr'>syn-</span> 
     </span>
     <span class='ocr_line' id='line_1_12' title="bbox 70 1519 1204 1608; baseline 0.001 -21"><span class='ocrx_word' id='word_1_105' title='bbox 70 1523 141 1589; x_wconf 83' lang='lat' dir='ltr'>taxis</span> <span class='ocrx_word' id='word_1_106' title='bbox 163 1524 289 1590; x_wconf 82' lang='lat' dir='ltr'>Graeca</span> <span class='ocrx_word' id='word_1_107' title='bbox 310 1543 341 1608; x_wconf 92' lang='lat' dir='ltr'>p.</span> <span class='ocrx_word' id='word_1_108' title='bbox 358 1526 430 1606; x_wconf 83' lang='grc'>254,</span> <span class='ocrx_word' id='word_1_109' title='bbox 453 1519 640 1588; x_wconf 87' lang='lat' dir='ltr'>Boissonad.</span> <span class='ocrx_word' id='word_1_110' title='bbox 656 1522 751 1590; x_wconf 89' lang='lat' dir='ltr'>Babr.</span> <span class='ocrx_word' id='word_1_111' title='bbox 767 1544 797 1608; x_wconf 95' lang='lat' dir='ltr'>p.</span> <span class='ocrx_word' id='word_1_112' title='bbox 814 1525 854 1586; x_wconf 85' lang='grc'>29</span> <span class='ocrx_word' id='word_1_113' title='bbox 879 1529 911 1588; x_wconf 91' lang='lat' dir='ltr'>et</span> <span class='ocrx_word' id='word_1_114' title='bbox 932 1521 975 1586; x_wconf 92' lang='lat' dir='ltr'>ad</span> <span class='ocrx_word' id='word_1_115' title='bbox 992 1522 1120 1590; x_wconf 87' lang='lat' dir='ltr'>Anthol.</span> <span class='ocrx_word' id='word_1_116' title='bbox 1136 1523 1204 1588; x_wconf 93' lang='lat' dir='ltr'>Pal.</span> 
     </span>
     <span class='ocr_line' id='line_1_13' title="bbox 70 1621 419 1709; baseline 0.003 -20"><span class='ocrx_word' id='word_1_117' title='bbox 70 1626 103 1709; x_wconf 87' lang='lat' dir='ltr'>ll,</span> <span class='ocrx_word' id='word_1_118' title='bbox 118 1632 163 1708; x_wconf 85' lang='grc'>71,</span> <span class='ocrx_word' id='word_1_119' title='bbox 180 1631 198 1688; x_wconf 86' lang='grc'>5</span> <span class='ocrx_word' id='word_1_120' title='bbox 216 1624 281 1708; x_wconf 84' lang='lat' dir='ltr'>(ed.</span> <span class='ocrx_word' id='word_1_121' title='bbox 295 1621 419 1706; x_wconf 85' lang='lat' dir='ltr'>Paris).</span> 
     </span>
    </p>

    <p class='ocr_par' dir='ltr' id='par_1_3' title="bbox 19 1717 1205 1913">
     <span class='ocr_line' id='line_1_14' title="bbox 19 1717 1205 1813; baseline -0.002 -21"><span class='ocrx_word' id='word_1_122' title='bbox 19 1805 20 1808; x_wconf 8' lang='grc' dir='ltr'><em>ρ</em></span> <span class='ocrx_word' id='word_1_123' title='bbox 142 1728 185 1794; x_wconf 91' lang='lat' dir='ltr'>lb.</span> <span class='ocrx_word' id='word_1_124' title='bbox 205 1746 235 1793; x_wconf 92' lang='lat' dir='ltr'>u.</span> <span class='ocrx_word' id='word_1_125' title='bbox 255 1729 294 1790; x_wconf 82' lang='lat'>22</span> <span class='ocrx_word' id='word_1_126' title='bbox 323 1722 425 1808; x_wconf 85' lang='grc' dir='ltr'>μετὰ</span> <span class='ocrx_word' id='word_1_127' title='bbox 454 1721 527 1802; x_wconf 86' lang='grc' dir='ltr'>τὰς</span> <span class='ocrx_word' id='word_1_128' title='bbox 545 1717 721 1812; x_wconf 72' lang='grc' dir='ltr'><em>Ἀθήνας</em></span> <span class='ocrx_word' id='word_1_129' title='bbox 750 1719 855 1812; x_wconf 74' lang='grc' dir='ltr'><em>ἄνδρα</em></span> <span class='ocrx_word' id='word_1_130' title='bbox 882 1727 939 1790; x_wconf 80' lang='grc' dir='ltr'>καὶ</span> <span class='ocrx_word' id='word_1_131' title='bbox 967 1723 1069 1792; x_wconf 79' lang='grc' dir='ltr'><em>πόλιν</em></span> <span class='ocrx_word' id='word_1_132' title='bbox 1093 1723 1205 1813; x_wconf 81' lang='grc' dir='ltr'><em>φεύγω</em></span> 
     </span>
     <span class='ocr_line' id='line_1_15' title="bbox 70 1826 1204 1913; baseline -0.001 -17"><span class='ocrx_word' id='word_1_133' title='bbox 70 1829 176 1896; x_wconf 82' lang='lat' dir='ltr'>Aa¹²G.</span> <span class='ocrx_word' id='word_1_134' title='bbox 207 1827 329 1894; x_wconf 84' lang='lat' dir='ltr'>Eadem</span> <span class='ocrx_word' id='word_1_135' title='bbox 346 1834 394 1894; x_wconf 92' lang='lat' dir='ltr'>est</span> <span class='ocrx_word' id='word_1_136' title='bbox 409 1826 634 1912; x_wconf 79' lang='lat' dir='ltr'>brachylogia3</span> <span class='ocrx_word' id='word_1_137' title='bbox 659 1828 699 1894; x_wconf 91' lang='lat' dir='ltr'>de</span> <span class='ocrx_word' id='word_1_138' title='bbox 714 1828 872 1895; x_wconf 90' lang='lat' dir='ltr'>sententia</span> <span class='ocrx_word' id='word_1_139' title='bbox 887 1831 1000 1913; x_wconf 89' lang='lat' dir='ltr'>postea</span> <span class='ocrx_word' id='word_1_140' title='bbox 1016 1826 1204 1896; x_wconf 90' lang='lat' dir='ltr'>uidebimus.</span> 
     </span>
    </p>
   </div>
   <div class='ocr_carea' id='block_1_3' title="bbox 69 1961 1206 2356">
    <p class='ocr_par' dir='ltr' id='par_1_4' title="bbox 71 1961 212 2030">
     <span class='ocr_line' id='line_1_16' title="bbox 71 1961 212 2030; baseline 0.014 -2"><span class='ocrx_word' id='word_1_141' title='bbox 71 1961 128 2028; x_wconf 82' lang='lat' dir='ltr'>S‘</span> <span class='ocrx_word' id='word_1_142' title='bbox 205 2015 212 2030; x_wconf 90' lang='lat'><strong>.</strong></span> 
     </span>
    </p>

    <p class='ocr_par' dir='ltr' id='par_1_5' title="bbox 69 1965 1206 2356">
     <span class='ocr_line' id='line_1_17' title="bbox 95 1965 1205 2152; baseline -0.002 -20"><span class='ocrx_word' id='word_1_143' title='bbox 95 1965 220 2149; x_wconf 48' lang='grc'>1111287</span> <span class='ocrx_word' id='word_1_144' title='bbox 245 2062 303 2130; x_wconf 87' lang='grc' dir='ltr'>τὸν</span> <span class='ocrx_word' id='word_1_145' title='bbox 326 2063 362 2129; x_wconf 76' lang='grc' dir='ltr'>δὲ</span> <span class='ocrx_word' id='word_1_146' title='bbox 383 2067 441 2152; x_wconf 76' lang='grc' dir='ltr'>τῆς</span> <span class='ocrx_word' id='word_1_147' title='bbox 462 2063 767 2151; x_wconf 71' lang='grc' dir='ltr'>βαθυστρυίτου</span> <span class='ocrx_word' id='word_1_148' title='bbox 784 2062 795 2149; x_wconf 82' lang='grc' dir='ltr'>ΙΙ</span> <span class='ocrx_word' id='word_1_149' title='bbox 811 2066 985 2148; x_wconf 82' lang='grc' dir='ltr'><em>καταβᾶσα</em></span> <span class='ocrx_word' id='word_1_150' title='bbox 1000 2070 1112 2152; x_wconf 79' lang='grc' dir='ltr'><em>κοίτης</em></span> <span class='ocrx_word' id='word_1_151' title='bbox 1127 2063 1205 2130; x_wconf 77' lang='grc' dir='ltr'><strong><em>ἐντε-</em></strong></span> 
     </span>
     <span class='ocr_line' id='line_1_18' title="bbox 71 2163 1206 2256; baseline 0.004 -26"><span class='ocrx_word' id='word_1_152' title='bbox 71 2166 171 2234; x_wconf 83' lang='grc' dir='ltr'><em>ίίυκεν</em></span> <span class='ocrx_word' id='word_1_153' title='bbox 199 2163 219 2254; x_wconf 80' lang='grc' dir='ltr'><em>ἡ</em></span> <span class='ocrx_word' id='word_1_154' title='bbox 249 2166 360 2256; x_wconf 81' lang='grc' dir='ltr'><em>νύμφη</em></span> <span class='ocrx_word' id='word_1_155' title='bbox 384 2167 446 2234; x_wconf 81' lang='lat' dir='ltr'>SA.</span> <span class='ocrx_word' id='word_1_156' title='bbox 490 2164 731 2251; x_wconf 75' lang='grc' dir='ltr'>βαθύστρωτος</span> <span class='ocrx_word' id='word_1_157' title='bbox 759 2188 822 2233; x_wconf 88' lang='lat' dir='ltr'>non</span> <span class='ocrx_word' id='word_1_158' title='bbox 849 2166 1009 2234; x_wconf 86' lang='lat' dir='ltr'>inuenitur</span> <span class='ocrx_word' id='word_1_159' title='bbox 1036 2167 1097 2233; x_wconf 89' lang='lat' dir='ltr'>nisi</span> <span class='ocrx_word' id='word_1_160' title='bbox 1119 2165 1206 2254; x_wconf 90' lang='lat' dir='ltr'>apud</span> 
     </span>
     <span class='ocr_line' id='line_1_19' title="bbox 69 2267 832 2356; baseline 0.003 -22"><span class='ocrx_word' id='word_1_161' title='bbox 69 2270 218 2337; x_wconf 80' lang='lat' dir='ltr'>Musaeum</span> <span class='ocrx_word' id='word_1_162' title='bbox 242 2273 303 2334; x_wconf 83' lang='lat'>266</span> <span class='ocrx_word' id='word_1_163' title='bbox 324 2267 581 2354; x_wconf 75' lang='grc' dir='ltr'>βαθυστρώτοις</span> <span class='ocrx_word' id='word_1_164' title='bbox 604 2267 652 2334; x_wconf 76' lang='grc' dir='ltr'>ἐνὶ</span> <span class='ocrx_word' id='word_1_165' title='bbox 675 2270 832 2356; x_wconf 80' lang='grc' dir='ltr'><strong><em>λέκτροις.</em></strong></span> 
     </span>
    </p>
   </div>
   <div class='ocr_carea' id='block_1_4' title="bbox 68 2363 1206 3070">
    <p class='ocr_par' dir='ltr' id='par_1_6' title="bbox 69 2363 1206 2865">
     <span class='ocr_line' id='line_1_20' title="bbox 142 2363 1204 2462; baseline 0 -24"><span class='ocrx_word' id='word_1_166' title='bbox 142 2377 223 2455; x_wconf 85' lang='grc'>65,1</span> <span class='ocrx_word' id='word_1_167' title='bbox 242 2372 351 2438; x_wconf 83' lang='lat' dir='ltr'><strong>adnot.</strong></span> <span class='ocrx_word' id='word_1_168' title='bbox 368 2376 530 2455; x_wconf 80' lang='grc' dir='ltr'><em>Λίβυσσα</em></span> <span class='ocrx_word' id='word_1_169' title='bbox 552 2375 689 2458; x_wconf 84' lang='grc' dir='ltr'><em>γέρανος</em></span> <span class='ocrx_word' id='word_1_170' title='bbox 711 2363 769 2458; x_wconf 77' lang='grc' dir='ltr'>ἠδὲ</span> <span class='ocrx_word' id='word_1_171' title='bbox 781 2376 807 2455; x_wconf 78' lang='lat'>²)</span> <span class='ocrx_word' id='word_1_172' title='bbox 829 2364 919 2448; x_wconf 80' lang='grc' dir='ltr'>ταῶς</span> <span class='ocrx_word' id='word_1_173' title='bbox 936 2395 987 2448; x_wconf 91' lang='grc' dir='ltr'>τις</span> <span class='ocrx_word' id='word_1_174' title='bbox 1011 2365 1204 2462; x_wconf 79' lang='grc' dir='ltr'>εύντήίηξ.</span> 
     </span>
     <span class='ocr_line' id='line_1_21' title="bbox 70 2465 1206 2562; baseline 0.004 -26"><span class='ocrx_word' id='word_1_175' title='bbox 70 2465 202 2562; x_wconf 73' lang='grc' dir='ltr'><em>εύαηίηξ</em></span> <span class='ocrx_word' id='word_1_176' title='bbox 221 2473 358 2558; x_wconf 90' lang='lat' dir='ltr'>primum</span> <span class='ocrx_word' id='word_1_177' title='bbox 381 2492 401 2540; x_wconf 84' lang='lat' dir='ltr'>a</span> <span class='ocrx_word' id='word_1_178' title='bbox 423 2471 567 2540; x_wconf 85' lang='lat' dir='ltr'>Leonida</span> <span class='ocrx_word' id='word_1_179' title='bbox 589 2473 684 2540; x_wconf 82' lang='lat' dir='ltr'>Anth.</span> <span class='ocrx_word' id='word_1_180' title='bbox 708 2475 854 2557; x_wconf 77' lang='lat' dir='ltr'>Pauli,</span> <span class='ocrx_word' id='word_1_181' title='bbox 881 2467 955 2559; x_wconf 81' lang='grc'>1211,</span> <span class='ocrx_word' id='word_1_182' title='bbox 980 2480 998 2538; x_wconf 87' lang='lat'><strong>5</strong></span> <span class='ocrx_word' id='word_1_183' title='bbox 1021 2466 1206 2561; x_wconf 77' lang='grc' dir='ltr'><em>εύαηίηκος</em></span> 
     </span>
     <span class='ocr_line' id='line_1_22' title="bbox 70 2567 1205 2665; baseline 0.004 -26"><span class='ocrx_word' id='word_1_184' title='bbox 70 2567 239 2665; x_wconf 74' lang='grc' dir='ltr'><em>Ἀθηναίης</em></span> <span class='ocrx_word' id='word_1_185' title='bbox 251 2576 351 2642; x_wconf 90' lang='lat' dir='ltr'>semel</span> <span class='ocrx_word' id='word_1_186' title='bbox 366 2574 546 2642; x_wconf 89' lang='lat' dir='ltr'>adhibitum</span> <span class='ocrx_word' id='word_1_187' title='bbox 561 2581 618 2658; x_wconf 85' lang='lat' dir='ltr'>est,</span> <span class='ocrx_word' id='word_1_188' title='bbox 633 2575 806 2641; x_wconf 78' lang='lat' dir='ltr'>increbruit</span> <span class='ocrx_word' id='word_1_189' title='bbox 819 2575 906 2660; x_wconf 91' lang='lat' dir='ltr'>apud</span> <span class='ocrx_word' id='word_1_190' title='bbox 921 2575 1091 2659; x_wconf 87' lang='lat' dir='ltr'>scriptores</span> <span class='ocrx_word' id='word_1_191' title='bbox 1106 2577 1205 2644; x_wconf 91' lang='lat' dir='ltr'>multo</span> 
     </span>
     <span class='ocr_line' id='line_1_23' title="bbox 69 2674 1204 2765; baseline 0.002 -23"><span class='ocrx_word' id='word_1_192' title='bbox 69 2677 153 2744; x_wconf 89' lang='lat' dir='ltr'>etiarn</span> <span class='ocrx_word' id='word_1_193' title='bbox 174 2677 367 2746; x_wconf 88' lang='lat' dir='ltr'>recentiores</span> <span class='ocrx_word' id='word_1_194' title='bbox 383 2678 518 2743; x_wconf 88' lang='lat' dir='ltr'>Paulum</span> <span class='ocrx_word' id='word_1_195' title='bbox 533 2675 751 2744; x_wconf 77' lang='lat' dir='ltr'>silentiarium</span> <span class='ocrx_word' id='word_1_196' title='bbox 767 2675 859 2765; x_wconf 81' lang='grc' dir='ltr'>ἐ’κφρ.</span> <span class='ocrx_word' id='word_1_197' title='bbox 874 2679 933 2764; x_wconf 79' lang='grc' dir='ltr'>τῆς</span> <span class='ocrx_word' id='word_1_198' title='bbox 947 2701 1018 2761; x_wconf 84' lang='grc' dir='ltr'>μεγ.</span> <span class='ocrx_word' id='word_1_199' title='bbox 1036 2674 1118 2745; x_wconf 76' lang='lat' dir='ltr'>iant.</span> <span class='ocrx_word' id='word_1_200' title='bbox 1136 2684 1204 2745; x_wconf 84' lang='grc'>1411.</span> 
     </span>
     <span class='ocr_line' id='line_1_24' title="bbox 69 2779 1204 2865; baseline 0.006 -24"><span class='ocrx_word' id='word_1_201' title='bbox 69 2781 130 2846; x_wconf 77' lang='grc'>299.</span> <span class='ocrx_word' id='word_1_202' title='bbox 153 2785 212 2846; x_wconf 80' lang='grc'>530</span> <span class='ocrx_word' id='word_1_203' title='bbox 236 2786 269 2846; x_wconf 91' lang='lat' dir='ltr'>et</span> <span class='ocrx_word' id='word_1_204' title='bbox 290 2780 439 2846; x_wconf 90' lang='lat' dir='ltr'>Nonnum</span> <span class='ocrx_word' id='word_1_205' title='bbox 461 2779 594 2864; x_wconf 85' lang='lat' dir='ltr'>Dionys.</span> <span class='ocrx_word' id='word_1_206' title='bbox 617 2779 709 2863; x_wconf 88' lang='grc' dir='ltr'>ΧΙΙΙ,</span> <span class='ocrx_word' id='word_1_207' title='bbox 733 2783 800 2847; x_wconf 73' lang='grc'>191.</span> <span class='ocrx_word' id='word_1_208' title='bbox 823 2781 896 2864; x_wconf 88' lang='lat' dir='ltr'>XX,</span> <span class='ocrx_word' id='word_1_209' title='bbox 919 2783 988 2846; x_wconf 83' lang='lat'><strong>190.</strong></span> <span class='ocrx_word' id='word_1_210' title='bbox 1011 2780 1116 2865; x_wconf 87' lang='lat' dir='ltr'>XXII,</span> <span class='ocrx_word' id='word_1_211' title='bbox 1132 2785 1204 2848; x_wconf 88' lang='grc'>223.</span> 
     </span>
    </p>

    <p class='ocr_par' dir='ltr' id='par_1_7' title="bbox 68 2873 1206 3070">
     <span class='ocr_line' id='line_1_25' title="bbox 143 2873 1206 2970; baseline 0.003 -24"><span class='ocrx_word' id='word_1_212' title='bbox 143 2885 222 2967; x_wconf 86' lang='grc'>92,8</span> <span class='ocrx_word' id='word_1_213' title='bbox 246 2875 263 2948; x_wconf 85' lang='grc' dir='ltr'>ὁ</span> <span class='ocrx_word' id='word_1_214' title='bbox 289 2873 321 2945; x_wconf 83' lang='lat' dir='ltr'>d&#39;</span> <span class='ocrx_word' id='word_1_215' title='bbox 341 2873 551 2969; x_wconf 83' lang='grc' dir='ltr'><em>ὠχριήσας</em></span> <span class='ocrx_word' id='word_1_216' title='bbox 572 2887 737 2970; x_wconf 92' lang='grc' dir='ltr'><em>γομφίους</em></span> <span class='ocrx_word' id='word_1_217' title='bbox 753 2906 789 2947; x_wconf 85' lang='grc' dir='ltr'>τε</span> <span class='ocrx_word' id='word_1_218' title='bbox 813 2881 1114 2969; x_wconf 72' lang='grc' dir='ltr'><em>συγκρούωνΑὸ</em></span> <span class='ocrx_word' id='word_1_219' title='bbox 1130 2882 1206 2966; x_wconf 88' lang='lat' dir='ltr'>(nisi</span> 
     </span>
     <span class='ocr_line' id='line_1_26' title="bbox 68 2982 1204 3070; baseline 0.003 -23"><span class='ocrx_word' id='word_1_220' title='bbox 68 2983 143 3065; x_wconf 91' lang='lat' dir='ltr'>quod</span> <span class='ocrx_word' id='word_1_221' title='bbox 163 2985 283 3070; x_wconf 85' lang='lat' dir='ltr'>exigua</span> <span class='ocrx_word' id='word_1_222' title='bbox 304 2984 519 3069; x_wconf 81' lang='lat' dir='ltr'>discrepantia</span> <span class='ocrx_word' id='word_1_223' title='bbox 542 2982 745 3070; x_wconf 83' lang='grc' dir='ltr'><em>συγκρούσας</em></span> <span class='ocrx_word' id='word_1_224' title='bbox 765 2984 883 3051; x_wconf 85' lang='lat' dir='ltr'>Suidas</span> <span class='ocrx_word' id='word_1_225' title='bbox 905 2983 1059 3065; x_wconf 86' lang='lat' dir='ltr'>exhibet).</span> <span class='ocrx_word' id='word_1_226' title='bbox 1097 2984 1204 3051; x_wconf 87' lang='lat' dir='ltr'>Simil-</span> 
     </span>
    </p>
   </div>
   <div class='ocr_carea' id='block_1_5' title="bbox 63 3148 1205 4155">
    <p class='ocr_par' dir='ltr' id='par_1_8' title="bbox 68 3148 1205 3475">
     <span class='ocr_line' id='line_1_27' title="bbox 145 3148 1204 3221; baseline 0.002 -17"><span class='ocrx_word' id='word_1_227' title='bbox 145 3158 167 3219; x_wconf 92' lang='lat'>1)</span> <span class='ocrx_word' id='word_1_228' title='bbox 183 3152 328 3207; x_wconf 88' lang='lat' dir='ltr'>Diuersum</span> <span class='ocrx_word' id='word_1_229' title='bbox 338 3151 459 3219; x_wconf 88' lang='lat' dir='ltr'>estquod</span> <span class='ocrx_word' id='word_1_230' title='bbox 471 3151 544 3221; x_wconf 88' lang='lat' dir='ltr'>apud</span> <span class='ocrx_word' id='word_1_231' title='bbox 556 3152 761 3221; x_wconf 87' lang='lat' dir='ltr'>Bernhardyum</span> <span class='ocrx_word' id='word_1_232' title='bbox 772 3152 863 3206; x_wconf 88' lang='lat' dir='ltr'>inueni</span> <span class='ocrx_word' id='word_1_233' title='bbox 874 3149 944 3220; x_wconf 74' lang='grc' dir='ltr'>μετὰ</span> <span class='ocrx_word' id='word_1_234' title='bbox 956 3148 982 3203; x_wconf 82' lang='grc' dir='ltr'>δ’</span> <span class='ocrx_word' id='word_1_235' title='bbox 994 3150 1070 3202; x_wconf 75' lang='grc' dir='ltr'>Αἶαν</span> <span class='ocrx_word' id='word_1_236' title='bbox 1079 3151 1204 3220; x_wconf 85' lang='lat' dir='ltr'>Apollon.</span> 
     </span>
     <span class='ocr_line' id='line_1_28' title="bbox 68 3230 1205 3308; baseline 0.003 -23"><span class='ocrx_word' id='word_1_237' title='bbox 68 3230 144 3289; x_wconf 82' lang='lat' dir='ltr'>Rlnd.</span> <span class='ocrx_word' id='word_1_238' title='bbox 157 3237 256 3304; x_wconf 80' lang='lat' dir='ltr'>Argon.</span> <span class='ocrx_word' id='word_1_239' title='bbox 271 3237 305 3303; x_wconf 90' lang='lat' dir='ltr'>ll,</span> <span class='ocrx_word' id='word_1_240' title='bbox 319 3239 368 3290; x_wconf 85' lang='grc'>422</span> <span class='ocrx_word' id='word_1_241' title='bbox 392 3233 507 3307; x_wconf 74' lang='grc' dir='ltr'><em>θάρσει·</em></span> <span class='ocrx_word' id='word_1_242' title='bbox 532 3239 591 3289; x_wconf 76' lang='grc' dir='ltr'>ἐπεὶ</span> <span class='ocrx_word' id='word_1_243' title='bbox 614 3234 722 3306; x_wconf 80' lang='grc' dir='ltr'><em>δαίμων</em></span> <span class='ocrx_word' id='word_1_244' title='bbox 745 3238 837 3306; x_wconf 75' lang='grc' dir='ltr'><em>ἕτερον</em></span> <span class='ocrx_word' id='word_1_245' title='bbox 855 3231 941 3290; x_wconf 82' lang='grc' dir='ltr'><em>πίύσν</em></span> <span class='ocrx_word' id='word_1_246' title='bbox 959 3230 1130 3307; x_wconf 82' lang='grc' dir='ltr'><em>ἡγεμονεύσει</em></span> <span class='ocrx_word' id='word_1_247' title='bbox 1147 3235 1156 3308; x_wconf 71' lang='lat' dir='ltr'>ll</span> <span class='ocrx_word' id='word_1_248' title='bbox 1176 3238 1205 3300; x_wconf 81' lang='grc' dir='ltr'>ἐξ</span> 
     </span>
     <span class='ocr_line' id='line_1_29' title="bbox 68 3317 1205 3390; baseline 0.006 -20"><span class='ocrx_word' id='word_1_249' title='bbox 68 3319 140 3384; x_wconf 72' lang='lat' dir='ltr'>Albe·</span> <span class='ocrx_word' id='word_1_250' title='bbox 156 3320 224 3389; x_wconf 82' lang='grc' dir='ltr'>μετὰ</span> <span class='ocrx_word' id='word_1_251' title='bbox 242 3319 270 3375; x_wconf 84' lang='lat' dir='ltr'>d‘</span> <span class='ocrx_word' id='word_1_252' title='bbox 282 3322 357 3376; x_wconf 78' lang='grc' dir='ltr'><em>Αἶαν</em></span> <span class='ocrx_word' id='word_1_253' title='bbox 369 3317 428 3376; x_wconf 71' lang='lat' dir='ltr'>diac</span> <span class='ocrx_word' id='word_1_254' title='bbox 438 3323 561 3390; x_wconf 73' lang='grc' dir='ltr'><em>πομπῆες</em></span> <span class='ocrx_word' id='word_1_255' title='bbox 575 3325 693 3388; x_wconf 72' lang='grc' dir='ltr'>ἔσονται,</span> <span class='ocrx_word' id='word_1_256' title='bbox 711 3321 881 3390; x_wconf 88' lang='lat' dir='ltr'>ahquatenus</span> <span class='ocrx_word' id='word_1_257' title='bbox 894 3320 980 3376; x_wconf 89' lang='lat' dir='ltr'>simile</span> <span class='ocrx_word' id='word_1_258' title='bbox 991 3319 1127 3390; x_wconf 80' lang='lat' dir='ltr'>singulare</span> <span class='ocrx_word' id='word_1_259' title='bbox 1137 3320 1205 3377; x_wconf 92' lang='lat' dir='ltr'>illud</span> 
     </span>
     <span class='ocr_line' id='line_1_30' title="bbox 70 3400 609 3475; baseline 0.009 -19"><span class='ocrx_word' id='word_1_260' title='bbox 70 3400 222 3474; x_wconf 78' lang='lat' dir='ltr'>Thucydidis</span> <span class='ocrx_word' id='word_1_261' title='bbox 239 3407 308 3475; x_wconf 80' lang='grc' dir='ltr'>μετὰ</span> <span class='ocrx_word' id='word_1_262' title='bbox 324 3405 375 3460; x_wconf 85' lang='grc' dir='ltr'>τὸν</span> <span class='ocrx_word' id='word_1_263' title='bbox 392 3404 491 3474; x_wconf 77' lang='grc' dir='ltr'><em>Μῆδον</em></span> <span class='ocrx_word' id='word_1_264' title='bbox 509 3406 556 3473; x_wconf 90' lang='lat' dir='ltr'><strong>III,</strong></span> <span class='ocrx_word' id='word_1_265' title='bbox 567 3412 609 3463; x_wconf 86' lang='grc'>68.</span> 
     </span>
    </p>

    <p class='ocr_par' dir='ltr' id='par_1_9' title="bbox 63 3487 1204 4155">
     <span class='ocr_line' id='line_1_31' title="bbox 141 3487 1203 3560; baseline 0.002 -16"><span class='ocrx_word' id='word_1_266' title='bbox 141 3495 166 3556; x_wconf 85' lang='grc'>1)</span> <span class='ocrx_word' id='word_1_267' title='bbox 183 3487 263 3545; x_wconf 88' lang='lat' dir='ltr'>Ferri</span> <span class='ocrx_word' id='word_1_268' title='bbox 280 3506 335 3546; x_wconf 88' lang='lat' dir='ltr'>non</span> <span class='ocrx_word' id='word_1_269' title='bbox 351 3494 443 3560; x_wconf 89' lang='lat' dir='ltr'>potest</span> <span class='ocrx_word' id='word_1_270' title='bbox 459 3491 488 3547; x_wconf 92' lang='lat' dir='ltr'>in</span> <span class='ocrx_word' id='word_1_271' title='bbox 506 3491 656 3548; x_wconf 89' lang='lat' dir='ltr'>choliambo</span> <span class='ocrx_word' id='word_1_272' title='bbox 674 3490 811 3545; x_wconf 75' lang='lat' dir='ltr'>Rubriano</span> <span class='ocrx_word' id='word_1_273' title='bbox 824 3496 988 3560; x_wconf 88' lang='lat' dir='ltr'>anapaestus</span> <span class='ocrx_word' id='word_1_274' title='bbox 1006 3492 1057 3547; x_wconf 92' lang='lat' dir='ltr'>nisi</span> <span class='ocrx_word' id='word_1_275' title='bbox 1074 3491 1103 3546; x_wconf 92' lang='lat' dir='ltr'>in</span> <span class='ocrx_word' id='word_1_276' title='bbox 1117 3490 1203 3560; x_wconf 90' lang='lat' dir='ltr'>primo</span> 
     </span>
     <span class='ocr_line' id='line_1_32' title="bbox 66 3572 1204 3646; baseline 0.002 -19"><span class='ocrx_word' id='word_1_277' title='bbox 66 3574 136 3640; x_wconf 90' lang='lat' dir='ltr'>pede,</span> <span class='ocrx_word' id='word_1_278' title='bbox 157 3576 267 3631; x_wconf 88' lang='lat' dir='ltr'>minime</span> <span class='ocrx_word' id='word_1_279' title='bbox 290 3580 379 3631; x_wconf 84' lang='lat' dir='ltr'>autam</span> <span class='ocrx_word' id='word_1_280' title='bbox 402 3579 519 3632; x_wconf 85' lang='lat' dir='ltr'>omniurn</span> <span class='ocrx_word' id='word_1_281' title='bbox 543 3577 572 3632; x_wconf 90' lang='lat' dir='ltr'>in</span> <span class='ocrx_word' id='word_1_282' title='bbox 595 3576 659 3631; x_wconf 85' lang='lat' dir='ltr'>sede</span> <span class='ocrx_word' id='word_1_283' title='bbox 681 3576 748 3646; x_wconf 88' lang='lat' dir='ltr'>pari.</span> <span class='ocrx_word' id='word_1_284' title='bbox 785 3577 874 3646; x_wconf 78' lang='lat' dir='ltr'>Quare</span> <span class='ocrx_word' id='word_1_285' title='bbox 897 3581 943 3630; x_wconf 80' lang='grc' dir='ltr'>καὶ</span> <span class='ocrx_word' id='word_1_286' title='bbox 960 3592 1011 3646; x_wconf 87' lang='lat' dir='ltr'>pro</span> <span class='ocrx_word' id='word_1_287' title='bbox 1030 3572 1077 3643; x_wconf 75' lang='grc' dir='ltr'>ἠδὲ</span> <span class='ocrx_word' id='word_1_288' title='bbox 1094 3575 1204 3644; x_wconf 82' lang='lat' dir='ltr'>scripsit</span> 
     </span>
     <span class='ocr_line' id='line_1_33' title="bbox 66 3656 1203 3732; baseline 0.004 -22"><span class='ocrx_word' id='word_1_289' title='bbox 66 3656 244 3716; x_wconf 75' lang='lat' dir='ltr'>Eberhardusz</span> <span class='ocrx_word' id='word_1_290' title='bbox 269 3660 318 3715; x_wconf 86' lang='lat' dir='ltr'>sed</span> <span class='ocrx_word' id='word_1_291' title='bbox 341 3661 474 3729; x_wconf 88' lang='lat' dir='ltr'>quomodo</span> <span class='ocrx_word' id='word_1_292' title='bbox 492 3661 579 3718; x_wconf 79' lang='lat' dir='ltr'>rarior</span> <span class='ocrx_word' id='word_1_293' title='bbox 595 3661 684 3717; x_wconf 86' lang='lat' dir='ltr'>iorrna</span> <span class='ocrx_word' id='word_1_294' title='bbox 701 3662 846 3718; x_wconf 87' lang='lat' dir='ltr'>Homerica</span> <span class='ocrx_word' id='word_1_295' title='bbox 866 3679 915 3732; x_wconf 90' lang='lat' dir='ltr'>pro</span> <span class='ocrx_word' id='word_1_296' title='bbox 933 3667 979 3714; x_wconf 76' lang='grc' dir='ltr'>καὶ</span> <span class='ocrx_word' id='word_1_297' title='bbox 996 3659 1100 3729; x_wconf 79' lang='lat' dir='ltr'>uolgari</span> <span class='ocrx_word' id='word_1_298' title='bbox 1117 3659 1203 3728; x_wconf 90' lang='lat' dir='ltr'>irrep-</span> 
     </span>
     <span class='ocr_line' id='line_1_34' title="bbox 66 3742 1203 3816; baseline 0 -19"><span class='ocrx_word' id='word_1_299' title='bbox 66 3744 121 3799; x_wconf 85' lang='lat' dir='ltr'>serit</span> <span class='ocrx_word' id='word_1_300' title='bbox 136 3761 216 3816; x_wconf 80' lang='lat' dir='ltr'>aegre</span> <span class='ocrx_word' id='word_1_301' title='bbox 233 3744 406 3814; x_wconf 79' lang='lat' dir='ltr'>intellegitur.</span> <span class='ocrx_word' id='word_1_302' title='bbox 433 3746 505 3802; x_wconf 86' lang='lat' dir='ltr'>Num</span> <span class='ocrx_word' id='word_1_303' title='bbox 521 3748 550 3801; x_wconf 90' lang='lat' dir='ltr'>in</span> <span class='ocrx_word' id='word_1_304' title='bbox 567 3742 615 3814; x_wconf 74' lang='grc' dir='ltr'>ἠδὲ</span> <span class='ocrx_word' id='word_1_305' title='bbox 631 3747 698 3802; x_wconf 88' lang='lat' dir='ltr'>latet</span> <span class='ocrx_word' id='word_1_306' title='bbox 715 3744 776 3812; x_wconf 76' lang='lat' dir='ltr'>idi,</span> <span class='ocrx_word' id='word_1_307' title='bbox 793 3746 1039 3815; x_wconf 81' lang='lat' dir='ltr'>frequentissimum</span> <span class='ocrx_word' id='word_1_308' title='bbox 1051 3743 1118 3798; x_wconf 92' lang='lat' dir='ltr'>illud</span> <span class='ocrx_word' id='word_1_309' title='bbox 1129 3743 1203 3814; x_wconf 89' lang='lat' dir='ltr'>apud</span> 
     </span>
     <span class='ocr_line' id='line_1_35' title="bbox 64 3825 1203 3902; baseline 0.002 -20"><span class='ocrx_word' id='word_1_310' title='bbox 64 3825 199 3886; x_wconf 88' lang='lat' dir='ltr'>Homerum</span> <span class='ocrx_word' id='word_1_311' title='bbox 218 3835 245 3886; x_wconf 91' lang='lat' dir='ltr'>et</span> <span class='ocrx_word' id='word_1_312' title='bbox 262 3830 423 3898; x_wconf 88' lang='lat' dir='ltr'>Hesiodum,</span> <span class='ocrx_word' id='word_1_313' title='bbox 448 3831 496 3886; x_wconf 89' lang='lat' dir='ltr'>sed</span> <span class='ocrx_word' id='word_1_314' title='bbox 517 3832 627 3902; x_wconf 76' lang='lat' dir='ltr'>tragicis</span> <span class='ocrx_word' id='word_1_315' title='bbox 646 3833 727 3888; x_wconf 88' lang='lat' dir='ltr'>etiam</span> <span class='ocrx_word' id='word_1_316' title='bbox 745 3832 839 3902; x_wconf 74' lang='lat' dir='ltr'>(Soph.</span> <span class='ocrx_word' id='word_1_317' title='bbox 854 3831 918 3886; x_wconf 89' lang='lat' dir='ltr'>Ant.</span> <span class='ocrx_word' id='word_1_318' title='bbox 933 3835 993 3895; x_wconf 81' lang='lat'><strong>969)</strong></span> <span class='ocrx_word' id='word_1_319' title='bbox 1010 3829 1129 3899; x_wconf 88' lang='lat' dir='ltr'>ipsisque</span> <span class='ocrx_word' id='word_1_320' title='bbox 1146 3828 1203 3884; x_wconf 90' lang='lat' dir='ltr'>Ru·</span> 
     </span>
     <span class='ocr_line' id='line_1_36' title="bbox 63 3914 1203 3986; baseline -0.001 -18"><span class='ocrx_word' id='word_1_321' title='bbox 63 3927 149 3971; x_wconf 86' lang='lat' dir='ltr'>nanae</span> <span class='ocrx_word' id='word_1_322' title='bbox 166 3915 264 3972; x_wconf 88' lang='lat' dir='ltr'>aetatis</span> <span class='ocrx_word' id='word_1_323' title='bbox 281 3916 369 3985; x_wconf 88' lang='lat' dir='ltr'>poetis</span> <span class='ocrx_word' id='word_1_324' title='bbox 387 3916 481 3982; x_wconf 79' lang='lat' dir='ltr'>(Anth.</span> <span class='ocrx_word' id='word_1_325' title='bbox 491 3917 604 3986; x_wconf 79' lang='lat' dir='ltr'>Pelvl,</span> <span class='ocrx_word' id='word_1_326' title='bbox 616 3922 657 3984; x_wconf 82' lang='grc'>33,</span> <span class='ocrx_word' id='word_1_327' title='bbox 667 3923 691 3984; x_wconf 86' lang='lat' dir='ltr'>u,</span> <span class='ocrx_word' id='word_1_328' title='bbox 705 3917 826 3972; x_wconf 89' lang='lat' dir='ltr'>Marcell.</span> <span class='ocrx_word' id='word_1_329' title='bbox 836 3917 905 3972; x_wconf 89' lang='lat' dir='ltr'>med.</span> <span class='ocrx_word' id='word_1_330' title='bbox 915 3915 982 3986; x_wconf 87' lang='lat' dir='ltr'>piso.</span> <span class='ocrx_word' id='word_1_331' title='bbox 992 3915 1026 3979; x_wconf 87' lang='lat' dir='ltr'>X,</span> <span class='ocrx_word' id='word_1_332' title='bbox 1037 3918 1079 3982; x_wconf 82' lang='lat'>29)</span> <span class='ocrx_word' id='word_1_333' title='bbox 1091 3914 1203 3969; x_wconf 80' lang='lat' dir='ltr'>notum?</span> 
     </span>
     <span class='ocr_line' id='line_1_37' title="bbox 63 3996 1204 4070; baseline 0.005 -22"><span class='ocrx_word' id='word_1_334' title='bbox 63 4015 96 4050; x_wconf 75' lang='lat' dir='ltr'>nr</span> <span class='ocrx_word' id='word_1_335' title='bbox 106 3999 170 4054; x_wconf 89' lang='lat' dir='ltr'>illud</span> <span class='ocrx_word' id='word_1_336' title='bbox 179 4005 254 4056; x_wconf 89' lang='lat' dir='ltr'>recte</span> <span class='ocrx_word' id='word_1_337' title='bbox 260 4000 401 4055; x_wconf 87' lang='lat' dir='ltr'>Knochius</span> <span class='ocrx_word' id='word_1_338' title='bbox 411 4016 438 4070; x_wconf 92' lang='lat' dir='ltr'>p.</span> <span class='ocrx_word' id='word_1_339' title='bbox 453 4001 627 4069; x_wconf 77' lang='lat' dir='ltr'>ltdinseruit,</span> <span class='ocrx_word' id='word_1_340' title='bbox 635 4017 698 4057; x_wconf 88' lang='lat' dir='ltr'>nam</span> <span class='ocrx_word' id='word_1_341' title='bbox 707 4002 876 4057; x_wconf 86' lang='lat' dir='ltr'>Lachmanni</span> <span class='ocrx_word' id='word_1_342' title='bbox 884 3997 916 4068; x_wconf 85' lang='grc' dir='ltr'>ἢ.</span> <span class='ocrx_word' id='word_1_343' title='bbox 927 4042 933 4056; x_wconf 95' lang='grc'>.</span> <span class='ocrx_word' id='word_1_344' title='bbox 944 4040 950 4053; x_wconf 93' lang='grc'>.</span> <span class='ocrx_word' id='word_1_345' title='bbox 961 3996 999 4054; x_wconf 83' lang='grc' dir='ltr'>ἵν’</span> <span class='ocrx_word' id='word_1_346' title='bbox 1011 4015 1066 4055; x_wconf 89' lang='lat' dir='ltr'>non</span> <span class='ocrx_word' id='word_1_347' title='bbox 1077 4000 1204 4055; x_wconf 90' lang='lat' dir='ltr'>conuenit</span> 
     </span>
     <span class='ocr_line' id='line_1_38' title="bbox 64 4083 1203 4155; baseline 0.005 -19"><span class='ocrx_word' id='word_1_348' title='bbox 64 4097 116 4138; x_wconf 87' lang='lat' dir='ltr'>curn</span> <span class='ocrx_word' id='word_1_349' title='bbox 132 4083 226 4142; x_wconf 84' lang='lat' dir='ltr'>fabula</span> <span class='ocrx_word' id='word_1_350' title='bbox 244 4085 350 4154; x_wconf 88' lang='lat' dir='ltr'>qualern</span> <span class='ocrx_word' id='word_1_351' title='bbox 369 4101 402 4141; x_wconf 84' lang='lat' dir='ltr'>ex</span> <span class='ocrx_word' id='word_1_352' title='bbox 419 4087 520 4142; x_wconf 85' lang='lat' dir='ltr'>Auiani</span> <span class='ocrx_word' id='word_1_353' title='bbox 537 4093 565 4141; x_wconf 80' lang='lat' dir='ltr'>lt</span> <span class='ocrx_word' id='word_1_354' title='bbox 585 4088 718 4144; x_wconf 88' lang='lat' dir='ltr'>nouimus.</span> <span class='ocrx_word' id='word_1_355' title='bbox 747 4086 788 4142; x_wconf 94' lang='lat' dir='ltr'>De</span> <span class='ocrx_word' id='word_1_356' title='bbox 802 4086 947 4141; x_wconf 88' lang='lat' dir='ltr'>tribrachis</span> <span class='ocrx_word' id='word_1_357' title='bbox 961 4085 995 4142; x_wconf 85' lang='lat' dir='ltr'>cf.</span> <span class='ocrx_word' id='word_1_358' title='bbox 1006 4103 1032 4155; x_wconf 93' lang='lat' dir='ltr'>p.</span> <span class='ocrx_word' id='word_1_359' title='bbox 1045 4090 1092 4141; x_wconf 82' lang='lat'>193</span> <span class='ocrx_word' id='word_1_360' title='bbox 1106 4084 1167 4143; x_wconf 85' lang='lat' dir='ltr'>adn.</span> <span class='ocrx_word' id='word_1_361' title='bbox 1182 4091 1203 4142; x_wconf 88' lang='lat' dir='ltr'>l.</span> 
     </span>
    </p>
   </div>
   <div class='ocr_carea' id='block_1_6' title="bbox 0 0 1472 4690">
    <p class='ocr_par' dir='ltr' id='par_1_10' title="bbox 0 0 1472 4690">
     <span class='ocr_line' id='line_1_39' title="bbox 0 0 1472 4690; baseline 0 2"><span class='ocrx_word' id='word_1_362' title='bbox 0 0 1472 4690; x_wconf 95' lang='lat' dir='ltr'> </span> 
     </span>
    </p>
   </div>
  </div>
 </body>
</html>
