2938 4688
539 343 572 398 de
589 342 681 399 Bebrii
699 346 797 400 aetate.
1185 341 1240 403 131

92 515 204 583 Babrii
233 536 297 583 non
323 517 423 602 Syros
452 535 538 598 esse,
575 515 633 583 sed
661 517 811 602 Assyrios
839 517 935 601 (sicut
958 517 1074 584 Herod.
1098 517 1166 601 Vll,
1191 517 1245 600 63)

90 623 245 686 uersus3
277 621 311 684 οἳ
333 625 413 705 πρίν
436 611 515 684 ποτ’
541 604 626 706 ἦσαν
649 616 707 685 ἐπὶ
729 624 835 685 Νίνου
868 643 904 685 τε
935 621 990 684 καὶ
1014 616 1124 705 Βήλου
1158 640 1244 686 mon·

90 728 174 788 strat
186 720 227 804 ¹),
258 722 296 786 cl.
320 721 469 789 Welcker
497 722 541 788 kl.
566 721 670 788 Sobrr.
694 723 726 787 11
750 744 779 806 p.
804 725 875 787 256.
928 722 1033 801 Quare
1062 726 1118 786 aut
1147 726 1244 807 Assy-

91 825 175 890 rium
198 823 350 889 Babrium
378 823 476 890 fuisse
498 844 539 891 ex
568 825 638 891 loco
661 825 721 891 isto
746 823 997 891 concludendum
1024 829 1072 890 est
1093 859 1134 869 —
1158 825 1243 906 quod

93 927 191 992 miror
218 926 376 992 neminem
403 926 534 1009 fecisse,
565 947 635 992 cum
663 927 806 1011 locuples
836 931 946 991 auctor
974 925 1102 992 adesset
1131 925 1244 993 Lucia-

92 1047 153 1094 nus
183 1027 262 1110 (uer.
286 1028 359 1094 hist.
383 1028 430 1112 ΙΙ,
454 1027 525 1113 20),
553 1029 727 1094 Homerum
754 1026 874 1094 scilicet
903 1027 1008 1113 ipsum
1031 1026 1244 1112 Babylonium

91 1130 260 1198 nominans
281 1167 323 1176 -
345 1136 400 1197 aut
421 1130 500 1197 nihil
523 1129 661 1214 omnino,
685 1130 771 1212 quod
793 1131 845 1196 uel
867 1130 940 1196 ideo
963 1130 1104 1196 sobrium
1127 1129 1241 1196 suadet

91 1231 257 1315 iudioium,
279 1232 355 1315 quia
376 1233 549 1316 antiquitas
572 1232 689 1301 cadens
711 1251 795 1298 uano
818 1231 924 1298 studio
947 1232 1123 1298 aLuciano
1144 1251 1241 1317 saepe

92 1335 200 1402 deriso
223 1354 327 1400 rerum
349 1333 522 1420 primordia
545 1355 586 1402 ex
609 1335 728 1403 oriente
750 1334 893 1402 semitico
920 1353 1014 1416 quem
1038 1332 1171 1401 dicimus
1195 1355 1242 1401 re-

93 1444 204 1523 petere
227 1438 396 1522 solebat2).

181 1537 246 1606 Sed
275 1538 307 1604 in
330 1539 566 1607 Schneidewini
591 1538 680 1606 illam
702 1537 743 1606 de
764 1545 880 1624 poetae
902 1537 1007 1623 patria
1029 1539 1243 1606 coniecturam

93 1643 191 1709 etiam
220 1641 363 1708 Fixius
393 1641 504 1708 eodem
534 1663 617 1709 anno
646 1641 770 1725 (Revne
798 1641 839 1708 de
864 1640 979 1707 Philol.
1003 1642 1070 1725 lp.
1095 1645 1134 1706 53
1157 1642 1243 1726 sqq.)

93 1745 177 1810 ultro
200 1741 320 1824 incidit,
344 1742 562 1810 Alexandrum
584 1749 691 1810 autem
714 1743 867 1827 prooemii
883 1744 914 1808 ll
936 1745 1079 1828 regulum
1101 1743 1243 1824 aliquem

94 1846 263 1932 Syriacum
286 1864 356 1911 esse
378 1845 556 1930 suspicatos
578 1850 626 1912 est
648 1845 703 1927 qui
724 1846 784 1912 sub
801 1847 1017 1912 Romanorum
1038 1847 1171 1931 imperio
1195 1864 1242 1912 re-

92 1948 249 2034 gnauerit.
285 1948 483 2030 Argumenta
505 1947 619 2029 quibus
641 1949 832 2014 sententiam
854 1968 945 2014 suam
960 1947 1100 2014 firmaret
1116 1954 1243 2032 praeter
1341 2033 1345 2040 ¹

94 2049 333 2118 Schneidewini
360 2049 440 2115 illud
450 2048 476 2132 3)
503 2048 566 2115 duo
589 2049 788 2133 potissimum
812 2050 891 2116 baec
912 2050 1033 2117 attulit:
1063 2050 1241 2116 Branchum

94 2174 210 2220 nomen
233 2151 400 2237 Syriacum
431 2170 502 2218 esse
531 2151 657 2217 celebre
684 2153 717 2216 in
747 2152 954 2236 religionibus
983 2151 1110 2218 Asianis
1139 2187 1179 2198 -
1209 2159 1243 2218 at

94 2257 169 2322 bino
198 2255 275 2336 quid
304 2260 453 2335 sequatur
482 2274 545 2319 non
572 2254 739 2340 intellego,
772 2277 847 2322 nam
875 2255 971 2322 etiam
1001 2253 1098 2322 ceteri
1128 2254 1243 2321 Graeci

95 2357 254 2444 Apollinis
276 2357 432 2422 amasium
454 2377 475 2424 a
495 2357 598 2442 poetis
621 2357 813 2442 clarissimis,
837 2359 925 2425 uelut
947 2377 968 2423 a
989 2355 1186 2424 Callimacho
1210 2358 1244 2422 in

95 2459 250 2546 Βράγχῳ,
273 2458 475 2527 nobilitatum
497 2459 575 2525 satis
598 2460 679 2527 bene
700 2467 869 2544 nouerant;
899 2458 1017 2526 deinde
1038 2459 1178 2540 Arabes,
1202 2460 1243 2527 de

94 2565 210 2646 quibus
231 2562 366 2646 legimus
388 2561 506 2638 fabbl
533 2557 686 2626 ἐντεῦθεν
698 2555 836 2648 Ἄραβές
859 2560 954 2641 εἰσιν,
978 2555 1024 2639 ὥς
1045 2557 1241 2649 ἐπειράθην,

96 2670 242 2752 devocat
269 2665 383 2729 τεκαὶ
406 2660 536 2749 γόητες,
566 2663 598 2728 in
622 2661 716 2747 Syria
737 2668 864 2747 poetam
888 2683 1079 2748 cognoscere
1101 2667 1242 2751 potuisse

95 2805 136 2817 --
159 2767 217 2834 sed
239 2767 342 2852 potuit
364 2766 460 2832 etiam
482 2765 515 2830 in
530 2767 679 2850 Aegypto
695 2765 722 2830 si
737 2764 877 2850 uiuebat,
900 2767 989 2834 ouius
1004 2769 1088 2852 parti
1102 2767 1243 2836 inferiori
1307 2764 1311 2772 ’

93 2872 138 2938 ad
160 2870 314 2938 orientem
336 2867 493 2951 spectanti
515 2866 569 2948 qui
592 2871 739 2950 praeerat
769 2872 851 2934 testo
874 2868 972 2935 schol.
995 2871 1102 2936 quen.
1125 2871 1156 2955 l,
1183 2873 1242 2938 130

95 2971 297 3039 Arabarches
312 2969 543 3051 nominabatur,
558 2973 689 3054 propter
703 2969 860 3054 frequens,
876 2977 911 3035 ut
925 2968 1061 3055 uidetur,
1077 2971 1242 3055 regionum

94 3077 221 3142 illarum
238 3092 309 3137 eum
325 3070 446 3136 Arabia
461 3070 699 3156 commercium3
718 3077 886 3155 praeterea
901 3092 972 3140 oum
988 3074 1242 3158 peregrinatione

94 3179 126 3243 in
149 3181 251 3243 terras
265 3173 340 3240 illas
355 3172 520 3257 peruenire
536 3179 670 3256 poterat,
693 3181 760 3241 tum
776 3174 899 3241 Arabes
913 3172 1030 3260 γόητες
1045 3174 1127 3241 inter
1142 3175 1241 3242 Grae-

94 3300 149 3347 cos
173 3277 270 3345 etiam
286 3274 494 3358 uagabantur,
516 3272 550 3340 id
566 3275 652 3358 quod
667 3277 760 3344 docet
774 3275 990 3343 memorabilis
1006 3277 1138 3342 Luciani
1154 3278 1242 3344 locus

93 3382 238 3467 PhilopS.
261 3379 314 3442 17:
338 3378 393 3442 νῦν
416 3374 451 3440 δὲ
474 3371 539 3441 ὑπὸ
564 3380 623 3442 τοῦ
645 3376 747 3455 ἔθους
770 3371 864 3443 οὐδέν
889 3403 922 3444 τι
945 3377 1139 3464 παράλογον
1161 3374 1243 3463 ὁρᾶν

185 3600 206 3658 l)
225 3595 296 3650 Nam
319 3601 426 3666 poetam
449 3594 522 3650 baud
546 3594 717 3652 mediocriter
733 3595 841 3652 doctum
858 3595 959 3651 Ninum
977 3601 1004 3652 et
1021 3597 1115 3652 Bolum
1133 3614 1181 3667 pro
1199 3613 1242 3651 re-

93 3680 173 3748 gibus
191 3679 285 3752 Syriae
303 3680 430 3750 propriae
452 3695 521 3749 quae
543 3679 642 3734 dieitur
659 3679 786 3736 habuisse
803 3684 911 3749 practer
928 3682 1080 3738 lleelrernm
1102 3681 1198 3735 Philol.
1219 3683 1243 3738 V

93 3782 121 3834 p.
133 3769 183 3820 489
202 3766 248 3821 uix
266 3765 408 3835 quisquam
426 3765 479 3820 sibi
494 3763 675 3836 persuadebit.

183 3853 208 3916 2)
226 3850 325 3906 Paucis
342 3849 480 3905 mensibus
496 3856 559 3920 post
575 3851 593 3906 l.
604 3865 624 3906 s.
635 3865 656 3905 s.
667 3866 694 3919 p.
707 3853 772 3906 1364
781 3865 820 3919 sq.
833 3850 892 3920 ipse
904 3848 1122 3906 Schneidewinus
1134 3857 1242 3909 senten-

94 3935 162 3990 tiam
179 3935 348 3991 retractauit.

182 4023 208 4084 3)
224 4016 307 4076 ‘O’est
325 4022 342 4075 a
359 4020 386 4076 lo.
398 4020 475 4090 Syrie
492 4035 543 4090 que
560 4022 676 4076 l’suteur
692 4021 744 4076 tait
761 4020 885 4076 honneur
899 4020 932 4074 de
944 4019 1100 4076 l’invention
1113 4020 1146 4077 de
1157 4024 1242 4096 l'cpo-

95 4101 186 4174 logue'
206 4111 258 4161 eto.
