2934 4690
517 321 550 377 de
567 319 661 377 Bcbrii
678 327 775 378 aetate.
1161 322 1221 384 205

15 549 16 552 ,
84 491 351 558 intellexisset
294 498 351 558 aut
372 497 492 560 temere
515 501 656 562 mutasse
674 492 851 562 censendus
869 499 926 578 est,
949 495 1076 560 sioutin
1091 496 1155 562 fab.
1173 499 1223 579 58,

15 625 17 698 3
83 592 120 658 de
140 613 200 676 qua
220 601 343 678 postea.

15 703 17 810 3
158 694 209 761 Ad
239 696 381 763 fabulam
404 697 587 763 Bebrianae
614 699 655 761 20
682 693 818 762 similem
842 715 944 778 neque
967 702 1074 762 lamen
1097 697 1139 763 ad
1161 699 1221 764 Ba-

83 795 255 862 brianum
245 817 348 880 ipsam
380 802 527 880 spectant
550 816 632 879 quae
654 798 803 880 leguntur
827 795 914 879 apud
937 797 1165 883 ZenobiumV,
1181 802 1222 864 93

81 917 107 978 p.
132 901 201 963 158:
230 897 360 986 ε’ίρηται
389 899 424 964 δὲ
447 897 519 977 (σὺν
537 892 667 986 Ἀθηνᾷ
694 900 749 963 καὶ
777 909 873 984 χεῖρα
898 903 982 964 κίνει
1004 899 1222 984 prouerbium)

15 1003 17 1074 ι
81 989 141 1062 ἀπὸ
170 991 348 1086 inplerent,
380 994 418 1066 οὗ
447 996 464 1065 ὁ
496 999 556 1083 μὲν
585 994 660 1076 ὄνος
690 997 737 1076 εἷς
765 996 874 1087 πηλὸν
901 996 1104 1066 ἐπεπτώκει·
1133 995 1150 1065 ὁ
1176 999 1221 1081 δὲ,

15 1091 16 1170 J
80 1098 147 1163 δέον
168 1105 319 1188 βοηθεῖν,
343 1099 537 1167 ἐπεκαλεῖτο
559 1099 617 1166 τὸν
636 1096 839 1188 Ἡροκλέαῑ).
877 1102 980 1184 Magis
1001 1103 1036 1168 ni
1057 1102 1150 1168 fallor
1171 1103 1222 1170 his

15 1199 17 1288 l
78 1199 186 1267 fabulis
209 1202 373 1285 popularis
396 1211 445 1271 est
461 1201 492 1270 S.
510 1207 550 1268 30
565 1233 608 1254 =
623 1203 662 1268 H.
676 1206 737 1268 300
761 1193 858 1289 (ἀνὴρ
869 1195 1050 1289 Ἀθηναῖοι
1066 1202 1220 1289 ναναμός)

15 1293 16 1384 l
78 1305 260 1370 sententiam
284 1303 420 1370 eandem
443 1305 622 1387 illustrans,
649 1322 723 1368 nam
747 1322 829 1385 qnae
851 1302 884 1368 in
906 1302 969 1370 fine
991 1303 1139 1389 leguntur
1162 1303 1221 1370 σὺν

15 1395 17 1550 3
84 1393 200 1492 Ἀθηνᾷ
227 1407 283 1470 καὶ
309 1418 405 1491 χεῖρα
432 1409 517 1470 κίνει
557 1404 790 1471 nobilissimum
824 1413 897 1472 suni
926 1406 1146 1489 prouerbium:
1180 1409 1219 1473 of.

15 1503 188 1572 Zenob.
206 1507 243 1591 V,
259 1511 316 1572 93·
309 1507 427 1591 ,Diog.
435 1507 520 1589 Vlll,
540 1511 593 1588 113
610 1506 727 1572 Macar.
737 1506 806 1588 Vll,
824 1509 878 1590 843
896 1507 1050 1573 Themist.
1066 1527 1109 1574 οι.
1124 1509 1221 1573 ΧΧΠ

15 1625 102 1716 p
119 1610 175 1671 ιιι
194 1614 274 1674 extr
312 1607 378 1674 Sed
402 1607 513 1674 dubito
536 1627 577 1673 an
600 1608 695 1673 etiam
712 1609 828 1674 uetust
805 1615 888 1676 trora
903 1608 966 1674 sint
981 1626 1064 1690 quae
1079 1609 1221 1675 seruauit

15 1743 91 1856 3
76 1705 263 1773 Zenobiusl.
276 1728 302 1774 s.
314 1729 339 1774 a.
355 1729 385 1792 p
403 1713 460 1774 158
462 1713 604 1792 ,lisqqt
628 1707 736 1828 ἕτερον
758 1708 795 1773 δέ
817 1730 922 1794 φασιν
943 1700 996 1774 σ’τι
1009 1709 1198 1829 μέλλων
1168 1734 1220 1787 τις

15 1881 16 1902 3
77 1797 304 1890 ἀγωνίσασθαι
324 1807 470 1898 χρησμὸν
492 1808 587 1895 παρὰ
605 1803 822 1898 τῆςἈθηνᾶς
839 1802 1026 1899 ειληφεν,”
1008 1834 1061 1876 οτι
1076 1809 1218 1898 νικήσει·

15 1925 16 2008 3
76 1903 243 1987 ἐνστάντος
271 1909 306 1975 δὲ
335 1914 394 1976 τοῦ
417 1904 543 1996 ἆμωνος
566 1909 783 1976 εἷσελθι)ν’
754 1935 801 1987 εις
823 1909 859 1976 τὸ
884 1915 1029 1995 θέατρον
1052 1914 1107 1976 κοιλ
1129 1911 1218 1977 κάτω

74 2008 177 2088 βαλών
206 2009 267 2088 τὰς
293 2024 406 2096 χεῖρας
435 2011 592 2100 εἱστρκει,
625 2011 686 2088 ε’ως
711 2009 919 2094 τυπτόμενος
945 2008 1010 2077 νπὸ
1034 2015 1093 2076 τοῦ
1116 2005 1217 2079 ἀντοι-

75 2115 229 2192 μονισιοῦ
259 2110 411 2200 ἐνικήθηι
440 2119 525 2180 οειιε
555 2134 625 2180 cum
657 2113 714 2179 tali
743 2113 981 2180 narratiuncula
1002 2113 1123 2196 optimo
1145 2134 1217 2180 oon-

76 2212 143 2278 einit
156 2205 327 2296 ¹prouerbii
347 2214 450 2281 forma
472 2215 630 2282 Laconica
652 2211 712 2279 σὺν
732 2206 864 2300 Ἀθανᾷ
891 2215 947 2279 καὶ
970 2216 1051 2301 χέρα
1069 2220 1153 2281 κίνει
1175 2217 1217 2282 ab

74 2311 227 2399 Hesychio
250 2322 388 2399 seruata,
412 2317 451 2382 of.
466 2313 527 2380 τὰν
547 2327 642 2403 χεῖρα
664 2318 894 2402 ποτιφέροντα
915 2312 976 2380 τὰν
991 2313 1091 2397 τύχαν
1105 2318 1217 2383 καλεῖν

74 2413 170 2482 simile
196 2416 398 2500 prouerbium
428 2417 620 2483 Laconicum
642 2417 725 2482 Plut.
748 2417 821 2482 inst.
844 2418 960 2482 Lacon.
985 2438 1015 2500 p.
1039 2421 1100 2482 239
1123 2418 1153 2483 A
1174 2450 1217 2470 π

73 2514 177 2598 Apost.
193 2517 263 2600 XV,
279 2520 330 2582 92.

150 2619 187 2684 In
207 2617 272 2684 fab.
290 2621 330 2688 33
353 2636 382 2683 u.
400 2623 419 2681 4
436 2637 483 2700 sq.
507 2617 587 2684 haec
609 2618 760 2703 legimus:

238 2718 342 2802 μέλαν
365 2719 505 2784 κολοιῶν
528 2717 628 2796 ἔθνος
651 2705 737 2806 ἦλθε
760 2718 944 2808 ὄνσφώνων

240 2823 347 2908 ψᾶρές
368 2812 400 2884 τ’
427 2813 571 2907 ὄλεθρος
594 2819 794 2906 σπερμάτων
818 2814 1005 2909 ἀρουραίων
1027 2856 1069 2866 -

72 2917 144 2984 nihil
167 2927 271 2987 autem
294 2923 327 2987 in
348 2922 421 3005 ipsa
438 2922 550 2988 fabola
567 2921 608 2989 de
623 2924 761 3006 graculis
776 2923 932 3007 audimus,
955 2922 1014 2990 sed
1029 2924 1091 2989 soli
1107 2927 1214 3009 ψᾶρες

71 3021 396 3106 commemorantur²)‚
418 3022 457 3088 of.
473 3041 502 3088 u.
519 3026 537 3086 7
555 3043 617 3106 sq.:

152 3209 175 3270 l)
193 3203 315 3259 Haee—
329 3206 401 3260 sicut
418 3204 471 3259 alia
488 3204 618 3258 multa—
631 3205 804 3261 ᾱίεεοειιειιο
774 3204 980 3260 trecentior
972 3205 1120 3261 inseruisse
1137 3206 1213 3262 uide·

70 3287 116 3350 tur,
134 3302 222 3356 neque
239 3288 311 3342 enim
328 3291 464 3358 quadrant
480 3289 510 3343 iu
527 3288 702 3358 prouerbium
719 3303 802 3359 supra
820 3289 984 3358 exscriptum
1000 3292 1028 3344 ct
1040 3291 1212 3397 explicatum,

69 3366 92 3420 in
109 3387 161 3439 quo
179 3373 305 3428 Minerua
322 3379 364 3428 εει
380 3389 430 3442 pro
447 3373 573 3427 Hercule.

148 3460 173 3524 2)
193 3457 318 3513 Ceterum
340 3457 408 3513 haee
431 3457 635 3513 narratiuncula
656 3456 715 3511 fieri
737 3460 828 3526 potest
851 3462 883 3512 ut
900 3473 934 3512 ex
957 3463 1119 3532 Ψαρομαχῖᾳ
1136 3459 1212 3526 opica

70 3540 177 3605 repetite
194 3542 237 3608 sit,
256 3557 336 3609 quam
354 3541 608 3598 Pscudoherodotus
624 3542 691 3609 (uita
707 3541 787 3596 Hom.
806 3543 822 3610 ξ
841 3545 884 3608 24)
901 3543 1020 3597 Homero
1037 3542 1088 3610 ipsi
1107 3541 1213 3595 tribuit.

69 3617 105 3675 Ita
122 3639 154 3679 ex
171 3625 493 3696 Batrachomyomaehiee
510 3643 555 3681 un.
574 3631 683 3680 9-100
702 3628 763 3680 urta
780 3631 822 3680 εει
837 3626 929 3682 fabula
950 3631 996 3681 trs
1011 3625 1111 3679 Eberh.
1130 3629 1212 3691 atque

69 3701 241 3774 fragmentum
261 3714 309 3764 136
327 3710 411 3765 Ebh.:
431 3713 515 3781 σοφῆε
526 3707 641 3782 ἆράχνηε
653 3709 729 3764 ἱστὸν
741 3697 801 3783 εὗρε
812 3706 941 3777 κωλώτηε
953 3707 1009 3762 κτλ.
1022 3707 1083 3763 coll.
1096 3707 1210 3762 Aristot.

70 3786 125 3844 hist.
134 3808 177 3848 an.
188 3793 236 3861 IX,
249 3799 280 3849 14
297 3792 412 3863 πόλεμος
423 3835 427 3847 .
439 3834 445 3847 .
456 3835 462 3847 .
473 3791 656 3868 ἀσκαλαβώτῃ
675 3799 720 3847 καὶ
736 3790 839 3866 ἀράχνῃ
859 3799 885 3848 ει
903 3793 970 3847 Prin.
983 3809 1009 3846 n.
1022 3792 1050 3845 h.
1059 3790 1106 3858 XI,
1117 3796 1149 3845 8-1
1161 3788 1211 3846 ‘la-

71 3883 195 3932 certarum
213 3879 319 3934 catulos
336 3883 472 3933 uenantur
489 3895 519 3933 os
536 3879 651 3948 primum
668 3879 722 3933 telo
738 3877 908 3932 iuuoluentes
921 3917 926 3930 .
938 3917 943 3928 .
955 3873 969 3928 .'
989 3891 1044 3931 non
1062 3876 1121 3930 sine
1139 3877 1211 3931 ueri·

70 3956 127 4015 tutin
151 3963 242 4033 specie
265 3964 300 4019 ad
315 3961 532 4037 Ἀραχνομαχῖαν
554 3964 655 4019 referes
679 3977 760 4031 quam
782 3963 852 4016 inter
872 3958 982 4014 Homeri
1004 3975 1087 4030 opera
1111 3960 1210 4017 Suidas

70 4045 196 4102 nominat:
217 4048 250 4103 of.
261 4048 366 4115 Kinkel,
377 4049 444 4118 epic.
455 4048 552 4102 Graec.
562 4047 595 4102 fr.
605 4064 632 4116 p.
644 4052 658 4102 2
669 4052 695 4102 et
706 4051 749 4103 63.

114 4139 227 4194 Leipziger
240 4141 341 4184 Studien.
361 4141 389 4185 Il.
975 4149 1006 4199 14
