2934 4690
516 320 549 376 de
566 317 661 376 Babrii
679 321 776 374 aetate.
1154 316 1215 378 207

76 493 170 578 ipsum
186 495 315 572 fabulae
335 513 470 560 acumen
491 491 705 576 praefractum
728 497 778 557 est
799 496 831 556 et
853 491 1010 558 obtusum.
1044 492 1160 560 Verum
1182 497 1218 558 ut

77 594 226 661 sententia
246 593 318 674 illa,
350 612 445 675 quam
468 592 554 680 apud
575 591 757 658 Phaedrum
786 590 1022 676 simplioissime
1050 592 1159 659 cornix
1182 613 1217 660 se

77 694 243 762 defendens
263 693 401 779 profert,
425 695 534 776 aliquo
557 694 651 760 modo
675 693 887 777 exprimatur,
914 698 1078 775 tamquam
1100 693 1152 760 dei
1175 714 1216 760 ex

77 796 213 864 naobina
227 795 260 861 in
275 794 338 862 line
353 798 486 881 γέρανοι
507 794 556 860 ilb
570 794 701 862 ueniunt
713 792 748 878 ¹),
770 799 805 859 ut
819 794 1043 877 grauissimum
1056 795 1216 881 aooipiaut

19 938 24 1009 l
76 903 286 982 praeceptum:
475 907 478 912 ·

467 1031 473 1045 .
492 1031 499 1045 .
517 1031 524 1045 .
541 970 674 1068 φεύγετ’
701 971 893 1066 σἰνθριδτιιον

217 1085 309 1167 γένος
332 1080 488 1169 πονηρόν,
513 1075 598 1146 ἄλλα
620 1079 679 1163 μὲν
702 1076 789 1166 τορὸς
811 1073 973 1168 ἀλλήλους

17 1133 23 1246 λ
219 1184 331 1249 λαλεῖν
352 1181 544 1267 μαθόντων,
568 1176 653 1247 ἄλλα
676 1173 707 1246 δ’
734 1179 811 1269 ἔργα
834 1180 1064 1266 νισισύντοννδ)

150 1285 230 1351 Feb.
254 1289 293 1349 34
317 1283 472 1368 (παιδίον
491 1281 610 1349 ἐσθίον
633 1281 820 1368 σπλάγχνα)
843 1293 914 1350 orta
936 1292 985 1351 est
1007 1304 1047 1350 ex
1069 1286 1218 1370 populari

15 1391 17 1458 l
74 1388 123 1453 illa
138 1387 227 1454 ouius
245 1386 436 1452 mentionem
458 1387 535 1452 faoit
549 1383 739 1452 Plutarohus
761 1385 922 1471 περὶτοῦ
944 1383 989 1473 μὴ
1015 1384 1083 1451 δεῖν
1106 1385 1216 1452 δανεί-

15 1535 16 1544 .
75 1488 187 1567 ζεσθαι
208 1488 299 1554 VIII:
321 1488 377 1551 καὶ
398 1484 456 1552 τδν
478 1489 545 1551 τιῦν
559 1488 674 1571 μυντιῦν
691 1484 787 1572 λόγον
803 1480 961 1552 ἄκουσον·
986 1483 1142 1570 ἐμοῦντος
1156 1490 1217 1552 τοῦ

14 1563 18 1672 λ
74 1589 177 1677 ἑτέρου
204 1591 260 1654 καὶ
290 1587 442 1672 λέγοντος
470 1584 512 1651 τὰ
542 1585 714 1672 σπλάγχνα
742 1585 927 1671 ἐκβάλλειν,
960 1586 1070 1675 ἕτερος
1097 1586 1216 1675 νιαριδν

71 1687 131 1756 ’καὶ
152 1697 186 1756 τί
207 1683 345 1771 δεινόνῇ
372 1685 466 1756 εἶπεν
485 1682 536 1754 ‘od
552 1687 614 1775 γὰρ
629 1686 671 1753 τὰ
688 1692 829 1754 σεαυτοῦ
845 1688 1019 1775 σπλάγχνα
1034 1687 1213 1774 ἐκβάλλεις,

74 1786 150 1857 ἀλλὰ
172 1794 232 1857 τοῦ
255 1793 385 1877 νεκροῦ,
408 1789 446 1855 ὃν
470 1785 545 1877 ἄρτι
568 1785 839 1878 ἒσνταράττσμενῖ
886 1793 948 1858 Pro
971 1779 1132 1876 uulturiiS,
1161 1793 1215 1875 qui

73 1914 226 1977 nunquam
248 1893 281 1958 in
303 1912 452 1959 scaenam
473 1892 632 1978 prodeunt
659 1893 746 1976 apud
768 1893 919 1959 Babrium
950 1882 1034 1975 (oum
1060 1894 1216 1978 prodeant

73 1997 152 2080 apud
174 1993 311 2061 Phaedr.
326 1995 351 2076 I,
367 1997 406 2056 27
431 1994 462 2058 in
485 2000 672 2079 argumento
695 1993 817 2078 simili),
843 1999 1008 2060 mater-
1030 2016 1070 2061 ne
1092 2016 1216 2079 pauper

11 2159 12 2174 ,
74 2097 205 2180 quidem,
228 2096 356 2177 qualem
380 2095 493 2162 melius
516 2094 646 2160 exhibet
665 2095 699 2162 0.
716 2097 777 2158 262
798 2117 829 2180 p.
848 2099 906 2159 391
924 2131 966 2140 -
983 2099 1014 2161 et
1036 2095 1120 2160 filius
1142 2096 1214 2162 sub·

11 2181 13 2230 f
72 2197 164 2264 stituti
188 2202 276 2262 sunt:
300 2214 362 2278 quo
384 2197 494 2262 fabula
515 2195 714 2279 lepidissima
736 2215 891 2262 conuersa
913 2197 1015 2263 estin
1037 2197 1213 2264 narratiun-

74 2299 171 2365 culam
194 2298 280 2364 omni
302 2299 370 2364 sale
393 2304 552 2365 carentem
576 2303 607 2364 et
627 2297 791 2366 fastidium
815 2300 1017 2382 creantemi)

151 2402 188 2466 ln
211 2401 321 2465 fabula
344 2405 385 2463 44
413 2401 464 2466 leo
488 2406 553 2464 tres
576 2405 683 2466 tauros
705 2402 825 2466 amicos
847 2400 991 2466 subdolis
1018 2401 1216 2468 sermonibus

10 2493 11 2578 f
73 2501 212 2567 iuimioos
227 2500 332 2566 reddit
347 2502 553 2586 singulosque
567 2501 653 2567 facili
676 2503 804 2584 negotio
826 2502 933 2567 uinoit.
971 2501 1014 2566 At
1036 2502 1214 2569 calumniae

10 2637 11 2646 ν
72 2622 129 2668 non
144 2610 217 2668 sunt
231 2603 333 2668 leonis
349 2602 488 2686 Aesopei
500 2601 536 2686 ⁴),
559 2603 617 2668 sed
632 2603 767 2669 ministri
785 2603 852 2669 eius
874 2603 989 2686 uolpis,
1012 2602 1049 2668 of.
1072 2604 1215 2669 fabulam

10 2759 11 2796 3
70 2704 316 2786 antiquissimam
341 2707 391 2769 95.
435 2702 600 2770 Meliorem
624 2721 720 2784 quam
743 2704 877 2768 Babrins
899 2709 1061 2770 auctorem
1088 2711 1214 2772 secutus

71 2813 116 2872 est
130 2803 324 2871 Themistius
340 2805 418 2890 περὶ
442 2805 559 2891 φιλίας
580 2824 611 2888 p.
625 2808 685 2870 337
702 2805 814 2871 Dind.:
828 2802 939 2890 ταύρω
957 2802 1015 2869 δύο
1030 2807 1111 2887 μιᾶς
1125 2800 1214 2893 ἡγεῖ-

71 2911 153 2972 σδον
175 2901 292 2994 &pstor
316 2904 464 2988 ξυννόμω
486 2905 522 2970 τὲ
544 2899 618 2970 ὅντε
640 2907 696 2971 καὶ
718 2898 771 2972 ὅτι
793 2904 939 2989 μάλιστα
961 2907 1066 2993 φίλω·
1089 2901 1107 2971 ὁ
1131 2907 1214 2972 λέων

70 3007 102 3072 δὲ
126 3002 237 3073 αὐτοῖν
258 3004 318 3093 τὴν
341 3005 498 3084 ξύστασιν
520 3004 640 3074 ἐδεδίει
661 3009 717 3072 καὶ
739 3001 816 3072 οὔτε
838 2999 957 3082 αῦτυῦς
980 3004 1120 3091 ἒθάρσει
1139 3003 1214 3072 eiius

69 3101 115 3173 δι’
135 3102 251 3186 αῦτοῦς
273 3104 332 3195 τὴν
356 3099 489 3195 ἀγέλην·
512 3112 618 3185 κακιῦς
641 3094 698 3174 σῦν
720 3103 786 3174 ῦντδ
811 3109 908 3191 λιμοῦ
931 3107 1136 3190 διακείμενος
1159 3107 1212 3196 ἐ’ρ-

66 3235 157 3289 χεται
179 3206 237 3275 ἐπὶ
257 3205 317 3295 τὴν
339 3206 443 3296 κερδιῦ
469 3211 525 3274 καὶ
554 3208 738 3293 ξυμμαχίαν
766 3205 983 3293 ὁμολογοῦσι·
1014 3211 1054 3294 τῇ
1083 3208 1119 3274 δὲ
1148 3205 1212 3295 ἄρα
1255 3199 1262 3210 ’

151 3381 175 3443 l)
193 3376 245 3445 Qui
261 3375 336 3430 haud
353 3376 409 3431 scio
427 3391 463 3430 au
479 3375 508 3429 iu
525 3374 579 3430 alia
596 3375 701 3432 Graeca
717 3376 827 3432 fabulae
844 3375 931 3432 forma
946 3377 1018 3432 siout
1035 3379 1107 3448 apud
1124 3378 1212 3432 Phae-

67 3462 142 3516 drum
159 3466 314 3517 sturnorum
331 3460 361 3514 in
377 3460 438 3515 loeo
455 3460 563 3516 luerint

150 3549 175 3613 2)
192 3544 242 3599 His
259 3543 401 3614 perpensis
419 3559 516 3600 uersus
533 3545 601 3600 istos
616 3548 717 3599 21-24
731 3544 890 3602 Eberhardo
906 3549 1056 3614 suspectos,
1073 3545 1212 3614 inquibus

67 3628 161 3682 uitium
183 3629 323 3684 metricum
347 3629 391 3682 uel
408 3629 611 3698 grammaticum
628 3645 682 3684 non
700 3628 783 3697 inest,
804 3631 898 3686 Babrii
914 3629 1000 3699 ipsius
1018 3645 1077 3684 esse
1093 3629 1141 3683 uix
1164 3646 1211 3684 ne-

66 3713 149 3781 gabis.
182 3714 329 3768 Praeterea
348 3714 444 3768 summi
466 3719 507 3769 est
523 3714 665 3782 momenti,
686 3715 758 3784 quod
776 3714 910 3771 simillima
927 3714 1067 3769 Phaedrus
1083 3712 1166 3768 babet
1182 3715 1212 3767 in

66 3795 121 3850 line
137 3791 201 3866 (qui
218 3796 293 3852 aliud
310 3795 404 3851 dicunt
421 3803 449 3854 et
465 3799 539 3854 aliud
560 3795 674 3867 agunt).

150 3885 175 3943 3)
192 3879 304 3936 Nullum
322 3881 394 3949 quod
410 3887 493 3952 poeta
509 3887 619 3939 secutus
631 3882 667 3938 sit
677 3883 799 3940 inuenies
812 3882 961 3940 eonsilium.
990 3880 1069 3936 Certe
1080 3881 1109 3936 in
1120 3881 1211 3936 animo

67 3979 122 4020 nou
137 3964 233 4022 babuit
248 3979 282 4020 ea
299 3980 369 4034 quae
386 3967 489 4036 profert
505 3967 598 4023 Keller
614 3984 642 4037 p.
652 3973 699 4023 391
711 3973 779 4024 extr.

151 4054 176 4115 t)
194 4049 276 4105 Aliae
292 4049 408 4107 insidiae
425 4058 489 4108 sunt
505 4053 590 4108 leonis
609 4052 773 4120 aegrotantis
790 4051 844 4105 lab.
858 4053 912 4103 10³.

951 4152 1002 4207 14*
