2934 4690
548 313 581 369 de
597 313 691 368 Babrii
708 315 805 368 seete.
1185 311 1242 374 211

179 478 232 560 Ὡς
254 482 317 570 γὰρ
340 475 397 548 ἐπ)
428 475 624 567 Οὐλύμποιο
647 481 731 567 μετὰ
750 481 877 566 χθονὸς
898 478 987 571 ἤθεα
1009 482 1121 572 πάσης

248 588 439 666 πωτῶνται,
463 590 603 652 πίπτειν
624 587 681 651 καὶ
702 583 787 651 κατὰ
809 588 868 673 γῆν
890 579 1013 673 ὄφελον
1034 589 1102 653 κτλ.

101 687 243 753 Ceterum
258 686 376 754 nouioii
391 686 425 752 hi
438 693 554 772 poetae
568 706 658 754 mera
670 687 798 754 inseitia
812 687 958 774 mythum
974 695 1113 758 mutasse
1136 689 1246 758 uiden·

101 794 162 872 εστ,
192 793 277 855 eerte
299 794 501 854 mutauerunt
523 789 736 874 ineptissime,
759 809 833 856 nam
857 789 1037 875 singulari
1059 792 1153 858 fallor
1174 811 1245 858 oum

100 888 229 970 singulis
245 910 328 956 nune
348 897 501 974 pugnant.
539 891 679 975 Iuppiter
694 890 873 958 Hesiodeus
897 891 1058 958 hominem
1080 893 1245 976 puniturus

101 995 160 1056 est:
183 990 262 1072 quid
282 991 484 1057 Bebrianusi
518 991 603 1058 Num
621 991 818 1059 donaturus?
848 999 882 1060 ot
903 993 1016 1059 inutile
1038 999 1105 1060 erat
1127 992 1245 1061 donum

100 1093 247 1176 opereulo
264 1091 383 1159 clauso.
421 1094 471 1158 An
486 1093 687 1160 tentaturus?
714 1100 748 1161 at
768 1115 826 1162 uas
849 1094 965 1180 aperiri
986 1109 1049 1161 non
1063 1100 1167 1179 uetat,
1191 1116 1244 1162 ne·

100 1212 159 1274 qne
173 1192 270 1261 homo
285 1199 341 1260 aut
358 1201 468 1277 aperto
491 1213 529 1259 eo
553 1192 703 1259 damnum
725 1194 841 1280 aeoipit
862 1199 1001 1263 autnon
1023 1203 1133 1280 aperto
1156 1217 1245 1280 pree·

98 1296 202 1360 mium.
247 1294 353 1378 Aegre
376 1295 513 1376 denique
533 1295 742 1379 intellegitur,
772 1297 930 1377 quemodo
953 1317 1043 1382 spes,
1074 1295 1113 1384 ἢν
1135 1323 1245 1365 κατει-

99 1392 214 1483 tripuli
235 1395 336 1460 τεθὲν
353 1393 391 1461 τὸ
408 1399 511 1479 πῶμα
534 1416 605 1462 enm
626 1395 808 1465 hominibus
830 1418 900 1465 esse
922 1399 1024 1482 possit
1045 1419 1191 1488 repressa
1213 1407 1246 1466 et

96 1498 226 1564 inclusa.

179 1599 294 1684 Aptius
318 1617 414 1683 quam
429 1597 515 1682 apud
540 1600 693 1666 Rubrium
715 1598 778 1664 lab.
796 1603 839 1664 59
857 1600 1008 1685 Iuppiter,
1031 1601 1118 1686 apud
1131 1601 1244 1669 Luoia·

97 1719 168 1764 num
185 1700 328 1766 Hermot.
346 1703 385 1763 20
402 1699 561 1766 Vuloanus
583 1701 616 1766 in
639 1705 800 1768 sedamen
821 1700 987 1768 deseendit
1009 1721 1080 1768 oum
1095 1703 1243 1786 Neptuno

97 1804 127 1866 et
148 1801 293 1867 Minerua
304 1799 344 1885 ¹):
368 1819 466 1882 quare
490 1806 522 1866 et
542 1801 613 1885 ipse
631 1802 788 1884 Bergkius
811 1803 931 1869 anthol.
954 1823 985 1886 p.
1000 1804 1049 1868 XI
1070 1803 1243 1870 Luoianum

94 1895 241 1968 ‘fortasse
256 1922 442 1984 germanam
456 1902 575 1986 Aesopi
589 1902 742 1968 fabellam
764 1895 923 1970 seruasse'
950 1905 1136 1988 suspicatur.
1174 1906 1243 1970 Ari-

16 2071 17 2080 ,
97 2001 225 2071 stoteles
255 2010 361 2069 autem
389 2003 430 2070 de
453 2009 547 2088 partt.
571 2003 666 2069 anim.
689 2005 781 2085 111,2
812 2004 853 2070 ab
883 2012 1018 2088 utroque
1047 2025 1085 2072 eo
1113 2006 1242 2088 resedit,

97 2105 180 2188 quod
194 2107 320 2172 Momus
341 2106 375 2170 in
397 2111 488 2171 tauro
510 2124 574 2171 non
595 2104 799 2190 reprehendit
820 2103 862 2170 τὰ
884 2110 1005 2192 κέρατα
1026 2103 1071 2192 μὴ
1094 2108 1160 2172 τιῦν
1182 2099 1243 2189 ὀμ-

16 2189 17 2250 Ῐ
95 2206 208 2288 μάτων
229 2205 318 2272 κάτω
341 2210 478 2273 κεῖσθαι
506 2204 613 2289 (Babr.
638 2211 688 2289 59,
704 2209 739 2290 95
767 2201 833 2272 ὑπὸ
857 2219 928 2284 τοῖς
950 2199 1146 2294 ὀφθαλμοῖς
1167 2209 1243 2275 Lus.

16 2303 18 2350 ἶ
95 2329 156 2376 uer.
178 2309 344 2392 hist.11‚3
367 2314 399 2374 et
419 2307 507 2392 Nigr.
527 2306 595 2390 32),
625 2327 734 2374 uerum
756 2299 810 2372 ὅτι
833 2301 890 2373 οὐκ
912 2305 983 2374 ἐπὶ
1004 2322 1092 2386 τοῖς
1115 2304 1244 2392 ὤμοις

95 2408 222 2491 ἔχειτὰ
244 2414 382 2496 κέρατα,
406 2399 489 2473 ὅθεν
511 2406 571 2484 τὰς
593 2406 723 2495 πληγὰς
745 2405 894 2474 ἐποιεῖτο
918 2408 1142 2496 ἰσχυροτάτας,
1167 2405 1240 2475 ἀλλ’

95 2508 150 2578 ἐπὶ
164 2514 225 2576 τοῦ
241 2503 490 2576 ἀσθενεστάτου
505 2513 634 2596 μέρους,
652 2512 710 2596 τῆς
724 2509 886 2596 κεφαλῆςτ
908 2514 946 2578 ef.
962 2511 1141 2578 Bentleium
1158 2512 1244 2597 apud

93 2613 222 2681 Furiam
244 2615 260 2678 I
281 2635 311 2698 p.
328 2611 459 2678 CXLIII
475 2631 521 2694 sq.

183 2716 220 2781 In
248 2714 423 2780 fabulati
450 2749 490 2760 -
517 2712 572 2779 ubi
602 2711 754 2778 animalia
781 2719 875 2794 grata
901 2712 1023 2780 homini
1051 2715 1137 2781 uitae
1166 2733 1243 2780 suae

16 2813 17 2816 ’
93 2822 214 2901 partem
231 2815 314 2882 douo
330 2812 450 2897 dant2)'
466 2850 505 2859 -
529 2814 643 2880 mirum
662 2820 719 2896 est,
743 2815 829 2895 quod
850 2812 930 2880 nihil
954 2813 1067 2881 dieitur
1088 2816 1129 2882 de
1152 2816 1242 2880 anuis

93 2916 213 2983 homini
234 2916 371 3001 propriis
394 2934 498 2998 neque
520 2915 553 2981 in
575 2915 665 2982 initio
688 2934 792 2998 neque
813 2936 844 2981 u.
871 2920 908 2980 10
924 2934 993 2997 sqq.
1035 2916 1166 2982 Plenior
1194 2921 1243 2983 est

16 3035 17 3070 l
93 3018 203 3084 fabula
218 3007 250 3083 S.
273 3021 333 3082 104
355 3045 398 3068 =
419 3018 458 3083 H.
478 3015 566 3082 173¹¹=
590 3013 674 3092 Ζεὺς
697 3011 881 3101 ἄνθρωπον
904 3014 1049 3102 ποιήσας
1070 3009 1242 3102 ὀλιγοχρό-

93 3142 161 3182 νιον
185 3109 285 3182 αὐτὸν
309 3113 481 3204 ἐποίησεν·
512 3111 529 3181 ὁ
556 3115 592 3181 δὲ
620 3119 661 3202 τῇ
691 3115 808 3181 ἑαυτοῦ
838 3119 967 3181 συνέσει
990 3115 1159 3198 χρώμενος
1187 3108 1242 3182 ὅτε

93 3215 244 3284 ἐνίστατο
267 3213 284 3284 ὁ
305 3216 431 3300 χειμὼν
453 3215 543 3285 οἶκον
567 3215 674 3302 ἑαυτῷ
695 3213 909 3292 κατεσκεύαζε
931 3217 987 3280 καὶ
1009 3214 1157 3282 ἐνταῦθα
1173 3217 1242 3283 διέ-

92 3325 184 3405 τριβε
205 3321 290 3405 κτλ.,
320 3325 352 3387 et
373 3320 407 3386 in
427 3320 505 3388 fine:
529 3312 615 3386 ου’τω
636 3343 673 3384 τε
696 3321 813 3405 συνέβη
835 3313 914 3393 τοὺς
935 3309 1139 3403 ἀνθρώπους
1160 3311 1241 3385 ὅταν

179 3541 203 3604 t)
222 3537 323 3592 Contra
334 3536 454 3591 fabulum
466 3535 493 3591 S.
507 3539 554 3590 100
564 3563 598 3584 ε-
607 3535 641 3590 Η.
655 3541 712 3604 155,
723 3535 752 3588 iu
765 3550 817 3604 qua
829 3535 963 3591 hominem
975 3535 1159 3601 Prometheus,
1170 3537 1241 3605 vIup·

92 3621 162 3689 piter
178 3626 288 3676 taurum
307 3623 380 3677 orest
397 3620 524 3691 Neptuno
542 3619 691 3689 proprium,
710 3619 802 3676 Keller
818 3637 845 3689 p.
863 3626 910 3676 361
931 3626 959 3674 et
975 3620 1059 3674 Furia
1071 3622 1135 3675 Aes.
1145 3621 1172 3674 II
1184 3626 1239 3676 not.

91 3723 118 3775 p.
129 3711 162 3761 83
180 3705 282 3760 iniuria
298 3720 347 3774 pro
366 3703 518 3774 antiquiore
536 3703 693 3759 habuerunt
710 3719 790 3772 quam
802 3704 974 3759 Babriunsm.
1005 3703 1094 3772 Atque
1107 3704 1160 3758 alia
1173 3721 1239 3774 quo-

93 3806 142 3858 que
161 3790 189 3844 ln
206 3804 239 3845 ea
256 3790 344 3844 minus
362 3793 428 3844 sunt
444 3795 523 3858 apte,
547 3789 625 3844 uelut
647 3787 720 3858 quod
738 3787 845 3843 Momus
863 3788 935 3842 teuri
953 3786 1045 3842 oeulos
1064 3789 1109 3842 snt
1126 3793 1182 3841 vote
1199 3795 1239 3843 κε’-

93 3893 155 3945 ρασι
171 3874 237 3944 poni
254 3875 312 3929 uolt
330 3877 357 3929 et
373 3879 489 3928 mentem
506 3871 622 3928 hominIs
641 3871 751 3936 εῈοθεν
769 3871 906 3941 suspendi.

176 3963 201 4024 2)
220 3957 318 4014 Similis
342 3957 484 4026 allegoriae
502 3956 643 4012 inuoluere
662 3957 706 4013 usi
724 3962 787 4012 sunt
807 3956 861 4010 lam
878 3953 1038 4026 PhoeyIIdes
1055 3954 1088 4008 fr.
1107 3959 1122 4010 3
1140 3969 1167 4024 p.
1186 3959 1237 4010 446

92 4041 160 4111 ng.
179 4046 207 4097 et
224 4042 374 4098 Simonides
392 4042 449 4096 fut
468 4057 495 4112 p.
507 4045 566 4098 tas.
678 4072 680 4076 .
