2938 4688
530 364 564 419 de
582 362 673 417 Babrii
692 366 790 419 aetate,
1168 363 1227 425 143

82 533 227 622 pretendi
249 536 371 604 ratione
395 556 471 604 usus
493 536 661 623 (probante
679 533 888 621 Bemhcrdyo
904 537 957 602 Π2
970 557 1002 622 p.
1021 541 1081 603 746
1097 538 1147 605 ed.
1163 539 1224 622 ΙΙΙ)

82 657 170 705 suam
190 639 292 724 ipsius
307 638 526 706 condicionem
545 639 699 704 Babrium
721 637 877 722 allegoria
898 639 952 704 uel
973 639 1106 724 parodiu
1128 640 1226 725 signi-

80 741 173 808 ficare
196 740 311 807 conicit
331 761 362 826 p.
388 744 448 806 186
471 760 557 826 sqq:
586 742 714 826 uulpem
735 740 888 806 Babrium
911 759 982 807 esse
1010 741 1131 830 ipsum,
1161 743 1227 811 leo·

79 863 151 908 nem
179 862 286 925 regem
314 843 456 926 aliquem
484 840 712 910 diadochorum
738 842 871 910 alterius
893 863 922 909 a.
946 841 1019 910 Ohr.
1041 866 1071 910 n.
1095 845 1226 932 saeculi,
1332 923 1334 928 ¹

78 945 211 1010 fortasse
233 944 452 1012 Ptolemaeum
475 945 676 1029 Physconem
700 942 744 1030 (p.
766 943 851 1030 188),
874 945 929 1027 qui
952 947 1171 1014 ostentationis
1194 953 1226 1014 et

79 1046 299 1113 delectationis
327 1064 424 1113 causa
445 1045 590 1113 homines
612 1046 770 1115 litteratos
793 1066 919 1129 -quo
942 1047 1038 1114 refert
1059 1047 1226 1136 συνεζήτει

78 1169 109 1214 u.
134 1153 171 1214 10
193 1185 235 1194 -
257 1147 300 1214 ad
328 1149 435 1214 aulam
465 1167 555 1214 suam
583 1149 721 1236 uocauit,
750 1147 809 1216 sed
834 1148 973 1234 pessime
996 1161 1094 1235 saepe
1116 1169 1171 1216 eos
1194 1155 1227 1216 et

77 1249 146 1333 ipse
168 1249 310 1316 tractarit
331 1255 363 1316 et
384 1250 426 1314 ab
449 1250 561 1317 aulicis
582 1251 816 1336 nobilibusque,
841 1251 971 1318 fabulae
992 1253 1085 1319 simio
1107 1251 1224 1336 signiti-

79 1352 166 1436 catis,
189 1351 318 1417 tractari
340 1369 454 1437 passus
479 1351 528 1417 sit.

161 1453 252 1532 Quae
281 1450 321 1518 de
350 1454 460 1520 fabula
488 1454 648 1520 sententia
670 1455 731 1520 etsi
751 1475 829 1521 uera
852 1462 952 1539 esset,
981 1461 1090 1522 tamen
1113 1457 1226 1526 ceteris

76 1556 269 1640 argumentis
290 1554 455 1622 dissolutis
478 1562 598 1622 certum
620 1576 684 1622 non
705 1557 875 1640 praeberet
896 1557 1057 1640 indicium,
1080 1577 1136 1623 cur
1149 1561 1224 1625 Ale-

76 1658 267 1723 xandrinum
290 1662 417 1742 poetam
441 1658 593 1725 Babrium
615 1659 714 1725 fuisse
736 1664 935 1744 putaremus:
958 1679 1033 1726 nam
1054 1660 1150 1744 plane
1174 1681 1227 1729 aa·

75 1761 149 1827 dem
178 1760 299 1826 ratione
322 1780 391 1826 cum
415 1761 470 1827 alii
492 1781 584 1846 reges
610 1761 815 1846 nobilesque,
845 1767 912 1827 tum
934 1761 1141 1847 imperatores
1164 1765 1225 1832 Ro-

75 1863 162 1928 mani
187 1861 273 1927 haud
296 1863 392 1946 pauci
413 1863 489 1929 uiris
512 1863 616 1930 doctis
636 1863 805 1949 postisque
827 1863 877 1930 usi
899 1871 980 1930 sunt.
1019 1862 1162 1933 Sednon
1178 1872 1227 1933 est

73 1984 167 2030 uera:
196 1963 267 2045 quis
296 1963 381 2032 enim
409 1965 473 2031 sibi
500 1963 707 2051 persuadebit
728 1963 882 2032 Babrium
910 1985 946 2034 se
971 1967 1076 2051 ipsum
1098 1970 1227 2054 uolpem

73 2067 187 2134 secuse
204 2065 396 2132 euadentem
411 2067 591 2134 mendicam
606 2067 851 2134 ueteratricem?
881 2067 959 2146 Quis
977 2067 1104 2134 simium
1119 2070 1225 2154 hospi·

73 2167 159 2234 tibus
181 2167 302 2252 optima
323 2168 419 2234 suilla
441 2175 655 2254 apponentem
678 2169 817 2235 aulicum
839 2188 910 2236 esse
931 2169 1066 2255 putabit,
1090 2172 1145 2252 qui
1165 2174 1225 2238 Ba·
1298 2195 1302 2212 ⁶

72 2269 178 2336 brium
199 2269 310 2336 luserit
332 2276 388 2335 aut
406 2271 594 2337 laeserit-
608 2292 685 2337 nam
707 2271 748 2337 de
764 2270 835 2357 ipso
850 2273 922 2339 cibo
937 2278 1053 2357 poetae
1068 2272 1223 2340 subducto

71 2371 305 2454 Hertzbergius
329 2371 387 2437 uix
416 2373 498 2440 serio
527 2373 680 2458 cogitauit
692 2373 725 2458 ¹).
775 2374 923 2455 Denique
952 2376 1022 2458 quis
1055 2379 1225 2460 tyrannum

69 2493 192 2540 uanum
214 2478 246 2539 et
266 2471 378 2540 rudem
399 2474 501 2540 latere
524 2474 633 2542 credet
653 2476 712 2542 sub
734 2476 837 2542 leonis
859 2496 1007 2560 persona,
1030 2479 1084 2560 qui
1108 2479 1224 2546 dulcis·

70 2574 164 2642 simis
186 2573 237 2639 his
260 2572 448 2641 describitur
470 2577 635 2641 uersiculis
660 2583 674 2639 1
692 2595 777 2659 sqq:

269 2678 372 2740 Λέων
394 2668 474 2740 ποτ’
501 2669 630 2764 ἀνδρῶν
651 2681 727 2761 βίον
750 2672 887 2764 ἄριστον
910 2675 1024 2766 ἐζήλου
1035 2679 1069 2765 2).

268 2778 324 2842 καὶ
347 2774 386 2864 δὴ
409 2771 483 2842 acu'
510 2771 605 2866 εὐρὺν
628 2776 759 2869 φωλεὸν
783 2778 964 2866 διατρίβων

71 2881 277 2892 —-

70 2928 148 2983 nulla
166 2931 237 2982 sunt.
273 2923 389 2982 ‘Desunt
406 2929 471 2984 huic
489 2928 598 2986 fabulae
615 2946 710 3000 pressa
728 2937 754 2985 et
771 2931 864 2986 tenuia
882 2933 981 3001 quibus
994 2932 1146 2988 Babriauae
1166 2935 1223 2990 lere

68 3029 164 3069 omnes
188 3013 350 3082 conspicuae
374 3007 453 3068 sunt?
491 3014 563 3069 Num
585 3029 679 3084 pressa
702 3018 730 3070 et
751 3016 841 3071 tenuis
865 3022 907 3072 est
921 3018 978 3072 fab.
996 3022 1044 3085 95,
1068 3033 1147 3086 quam
1164 3019 1223 3087 ipse

67 3115 96 3168 p.
107 3103 140 3153 35
154 3098 287 3166 egregiam
300 3098 438 3154 nominat?
464 3096 578 3170 ‘Septies
590 3099 736 3156 trochaeus
747 3100 885 3156 inuenitur
895 3102 924 3156 in
935 3098 995 3157 line'
1011 3107 1047 3171 (p.
1057 3105 1089 3156 36
1101 3101 1161 3157 coll.
1172 3106 1222 3169 22).

67 3184 213 3239 Inuenitur
230 3184 317 3238 sexies
335 3187 362 3238 et
380 3183 486 3239 deletur
503 3185 544 3238 bis
562 3184 730 3239 correctione
747 3188 795 3240 aut
812 3185 966 3240 necessaria
983 3189 1036 3252 (27)
1049 3191 1097 3241 aut
1108 3188 1222 3244 maxime

65 3267 205 3340 probabili
218 3273 244 3332 tt
255 3267 315 3323 coll.
326 3272 368 3333 57,
382 3273 437 3336 12);
456 3272 586 3338 quattuor
601 3268 724 3324 trochaei
734 3270 764 3324 in
777 3274 809 3324 30
821 3270 946 3325 uersibus
961 3270 1155 3328 dubitationem
1167 3289 1221 3329 non

65 3360 193 3410 mouenti
213 3353 247 3408 cf.
266 3351 338 3407 Ebh.
356 3353 413 3408 obs.
425 3371 453 3422 p.
467 3358 490 3408 8.
520 3353 564 3408 Ex
580 3349 772 3410 ‘locutionibus
790 3354 972 3422 singularibus
990 3360 1017 3409 et
1034 3357 1111 3412 nimis
1129 3374 1220 3415 arces-

65 3435 136 3493 sitis'
156 3437 224 3492 nibil
241 3438 372 3506 sequitur,
391 3453 455 3493 nem
473 3453 518 3492 eas
537 3436 620 3492 edam
631 3437 698 3492 alibi
710 3438 742 3493 B.
756 3437 873 3507 adhibet,
893 3439 1217 3514 ef.Zacheriaep.16sq.

62 3524 130 3593 Ipse
147 3522 258 3578 fabulae
276 3538 365 3579 sermo
383 3539 448 3579 uere
466 3523 618 3578 Babriunus
636 3527 685 3588 est,
704 3523 819 3579 ethich.
830 3523 1083 3596 hdnem.IVp.437.

159 3611 182 3669 l)
200 3607 369 3678 Quamquam
386 3609 453 3664 talia
472 3608 598 3664 concludi
608 3615 724 3678 possunt
735 3623 769 3664 ex
780 3609 871 3664 uerbis
883 3604 967 3665 ‘hatte
979 3627 1036 3666 nun
1049 3612 1096 3666 der
1107 3613 1220 3669 Dichter

62 3692 108 3748 die
119 3691 181 3747 dem
189 3692 281 3748 Fuchs
290 3694 320 3748 in
330 3694 378 3748 der
388 3694 472 3748 Fabel
481 3693 675 3749 uiderfahrene
684 3694 862 3762 Behandlung
871 3695 1033 3751 hinnehmen
1043 3703 1152 3752 musaeu
1166 3737 1172 3750 .
1184 3737 1190 3750 .
1203 3695 1218 3751 ‚²

155 3781 181 3845 2)
198 3777 365 3832 Prcuissime
382 3778 456 3833 hunc
473 3795 580 3835 uersum
597 3778 792 3849 interpretatur
807 3777 919 3836 Hertzb.
929 3797 957 3849 p.
969 3784 1028 3835 tau:
1048 3777 1132 3836 ‘Abe'r
1147 3781 1220 3839 irren

61 3862 114 3917 wir
133 3861 224 3927 nieht,
246 3878 277 3918 so
294 3864 331 3918 ist
349 3863 419 3919 doch
436 3865 518 3932 grado
535 3864 593 3920 dies
611 3864 670 3919 eine
690 3863 807 3919 liberans
831 3863 957 3920 boshalte
975 3865 1131 3936 Wendung,
1156 3869 1219 3926 dass

61 3947 186 4002 Babrios
203 3947 256 4004 deu
268 3948 368 4004 waen
387 3963 498 4018 express
516 3948 743 4020 denEntschluss
761 3947 854 4004 fassen
871 3949 948 4014 lttsst,
966 3949 1010 4004 ein
1021 3949 1115 4006 Lobeu
1134 3953 1219 4015 „nach

60 4032 118 4086 Art
144 4031 193 4088 der
208 4031 374 4090 Menschsn“
394 4033 451 4089 und
475 4034 503 4089 iu
525 4033 669 4103 mdglichst
686 4035 819 4090 humcuer
836 4033 928 4089 Weiss
945 4051 980 4090 an
997 4033 1103 4091 fithren.
1138 4037 1218 4092 Wird

61 4117 137 4172 doch
157 4116 279 4174 dudureh
297 4117 345 4174 der
363 4118 493 4176 Gedanke
510 4123 566 4174 erst
582 4121 660 4175 recht
678 4120 772 4176 scheri
787 4119 1015 4188 herrorgehobem
1035 4120 1099 4177 dass
1116 4122 1217 4191 cigent-

953 4223 1005 4276 10*
