<?xml version="1.0" encoding="UTF-8"?>
<!DOCTYPE html PUBLIC "-//W3C//DTD XHTML 1.0 Transitional//EN"
    "http://www.w3.org/TR/xhtml1/DTD/xhtml1-transitional.dtd">
<html xmlns="http://www.w3.org/1999/xhtml" xml:lang="en" lang="en">
 <head>
  <title>
</title>
<meta http-equiv="Content-Type" content="text/html;charset=utf-8" />
  <meta name='ocr-system' content='tesseract 3.04.00' />
  <meta name='ocr-capabilities' content='ocr_page ocr_carea ocr_par ocr_line ocrx_word'/>
</head>
<body>
  <div class='ocr_page' id='page_1' title='image "./debabriiaetate00crusgoog_0069.png"; bbox 0 0 2934 4690; ppageno 0'>
   <div class='ocr_carea' id='block_1_1' title="bbox 234 319 907 381">
    <p class='ocr_par' dir='ltr' id='par_1_1' title="bbox 234 188 1449 381">
     <span class='ocr_line' id='line_1_1' title="bbox 234 319 907 381; baseline -0.002 -3"><span class='ocrx_word' id='word_1_1' title='bbox 234 319 295 381; x_wconf 83' lang='lat'><strong>186</strong></span> <span class='ocrx_word' id='word_1_2' title='bbox 713 321 775 376; x_wconf 88' lang='lat' dir='ltr'><strong>Otto</strong></span> <span class='ocrx_word' id='word_1_3' title='bbox 795 320 907 376; x_wconf 78' lang='lat' dir='ltr'><strong>Cresius</strong></span> 
     </span>
    </p>
   </div>
   <div class='ocr_carea' id='block_1_2' title="bbox 169 491 1454 2218">
    <p class='ocr_par' dir='ltr' id='par_1_2' title="bbox 231 491 1451 1196">
     <span class='ocr_line' id='line_1_2' title="bbox 232 491 1381 561; baseline -0.002 -1"><span class='ocrx_word' id='word_1_4' title='bbox 232 513 322 560; x_wconf 87' lang='lat' dir='ltr'><strong>mens</strong></span> <span class='ocrx_word' id='word_1_5' title='bbox 344 492 581 561; x_wconf 87' lang='lat' dir='ltr'><strong>Alexandrinus</strong></span> <span class='ocrx_word' id='word_1_6' title='bbox 604 497 740 560; x_wconf 90' lang='lat' dir='ltr'><strong>testatur</strong></span> <span class='ocrx_word' id='word_1_7' title='bbox 761 494 831 560; x_wconf 88' lang='lat' dir='ltr'><strong>loco</strong></span> <span class='ocrx_word' id='word_1_8' title='bbox 854 491 994 559; x_wconf 84' lang='lat' dir='ltr'><strong>maxime</strong></span> <span class='ocrx_word' id='word_1_9' title='bbox 1015 493 1217 560; x_wconf 84' lang='lat' dir='ltr'><strong>memorabili</strong></span> <span class='ocrx_word' id='word_1_10' title='bbox 1233 494 1381 561; x_wconf 85' lang='lat' dir='ltr'><strong>Stromat.</strong></span> 
     </span>
     <span class='ocr_line' id='line_1_3' title="bbox 232 590 1450 686; baseline -0.002 -23"><span class='ocrx_word' id='word_1_11' title='bbox 232 597 269 682; x_wconf 88' lang='lat' dir='ltr'><strong>V,</strong></span> <span class='ocrx_word' id='word_1_12' title='bbox 287 600 306 662; x_wconf 84' lang='lat'>8</span> <span class='ocrx_word' id='word_1_13' title='bbox 322 602 417 663; x_wconf 74' lang='lat' dir='ltr'><strong>exta:</strong></span> <span class='ocrx_word' id='word_1_14' title='bbox 443 596 499 660; x_wconf 86' lang='grc' dir='ltr'><strong>καὶ</strong></span> <span class='ocrx_word' id='word_1_15' title='bbox 521 593 563 661; x_wconf 84' lang='grc' dir='ltr'><strong>τά</strong></span> <span class='ocrx_word' id='word_1_16' title='bbox 586 593 680 682; x_wconf 81' lang='grc' dir='ltr'><em>παρὰ</em></span> <span class='ocrx_word' id='word_1_17' title='bbox 699 590 878 678; x_wconf 81' lang='grc' dir='ltr'><em>Ῥωμαίοις</em></span> <span class='ocrx_word' id='word_1_18' title='bbox 905 593 964 660; x_wconf 76' lang='grc' dir='ltr'><em>ἐντὶ</em></span> <span class='ocrx_word' id='word_1_19' title='bbox 984 598 1050 660; x_wconf 72' lang='grc' dir='ltr'><em>τοῖν</em></span> <span class='ocrx_word' id='word_1_20' title='bbox 1072 599 1273 684; x_wconf 78' lang='grc' dir='ltr'><em>κατοιθηκιῦν</em></span> <span class='ocrx_word' id='word_1_21' title='bbox 1294 594 1382 682; x_wconf 76' lang='grc' dir='ltr'><em>νινό-</em></span> <span class='ocrx_word' id='word_1_22' title='bbox 1449 593 1450 686; x_wconf 64' lang='lat' dir='ltr'><strong>i</strong></span> 
     </span>
     <span class='ocr_line' id='line_1_4' title="bbox 232 694 1381 786; baseline -0.003 -20"><span class='ocrx_word' id='word_1_23' title='bbox 232 725 315 785; x_wconf 81' lang='grc' dir='ltr'><em>μενοι</em></span> <span class='ocrx_word' id='word_1_24' title='bbox 342 697 437 776; x_wconf 81' lang='grc' dir='ltr'><em>τάξιν</em></span> <span class='ocrx_word' id='word_1_25' title='bbox 466 696 574 786; x_wconf 78' lang='grc' dir='ltr'><em>εἴληχε</em></span> <span class='ocrx_word' id='word_1_26' title='bbox 598 695 705 781; x_wconf 88' lang='lat' dir='ltr'><strong>(iniis</strong></span> <span class='ocrx_word' id='word_1_27' title='bbox 728 717 811 780; x_wconf 90' lang='lat' dir='ltr'><strong>quae</strong></span> <span class='ocrx_word' id='word_1_28' title='bbox 833 698 874 764; x_wconf 94' lang='lat' dir='ltr'><strong>de</strong></span> <span class='ocrx_word' id='word_1_29' title='bbox 896 698 1050 784; x_wconf 82' lang='lat' dir='ltr'><strong>symbolis</strong></span> <span class='ocrx_word' id='word_1_30' title='bbox 1073 696 1214 782; x_wconf 85' lang='lat' dir='ltr'><strong>dixerat)</strong></span> <span class='ocrx_word' id='word_1_31' title='bbox 1234 696 1276 764; x_wconf 88' lang='grc' dir='ltr'><strong>τά</strong></span> <span class='ocrx_word' id='word_1_32' title='bbox 1299 694 1381 762; x_wconf 88' lang='grc' dir='ltr'><em>κατὰ</em></span> 
     </span>
     <span class='ocr_line' id='line_1_5' title="bbox 233 785 1422 889; baseline -0.001 -21"><span class='ocrx_word' id='word_1_33' title='bbox 233 800 444 889; x_wconf 81' lang='grc' dir='ltr'><em>δικαιοσύνην</em></span> <span class='ocrx_word' id='word_1_34' title='bbox 467 797 574 866; x_wconf 73' lang='grc' dir='ltr'><em>ἐκεῖνα</em></span> <span class='ocrx_word' id='word_1_35' title='bbox 597 797 674 885; x_wconf 76' lang='grc' dir='ltr'><em>ζυγὰ</em></span> <span class='ocrx_word' id='word_1_36' title='bbox 696 802 753 866; x_wconf 85' lang='grc' dir='ltr'><strong>καὶ</strong></span> <span class='ocrx_word' id='word_1_37' title='bbox 775 791 922 886; x_wconf 73' lang='grc' dir='ltr'><em>ἀσσάρια</em></span> <span class='ocrx_word' id='word_1_38' title='bbox 943 806 1131 887; x_wconf 82' lang='grc' dir='ltr'><em>κοιρντισμοί</em></span> <span class='ocrx_word' id='word_1_39' title='bbox 1152 825 1189 865; x_wconf 83' lang='grc' dir='ltr'><strong>τε</strong></span> <span class='ocrx_word' id='word_1_40' title='bbox 1209 800 1381 885; x_wconf 81' lang='lat' dir='ltr'><strong>(mancipa-</strong></span> <span class='ocrx_word' id='word_1_41' title='bbox 1419 785 1422 794; x_wconf 40' lang='grc'>’</span> 
     </span>
     <span class='ocr_line' id='line_1_6' title="bbox 231 895 1382 989; baseline -0.006 -16"><span class='ocrx_word' id='word_1_42' title='bbox 231 904 347 989; x_wconf 83' lang='lat' dir='ltr'><strong>tiones)</strong></span> <span class='ocrx_word' id='word_1_43' title='bbox 368 904 424 969; x_wconf 80' lang='grc' dir='ltr'><strong>καὶ</strong></span> <span class='ocrx_word' id='word_1_44' title='bbox 448 902 490 968; x_wconf 80' lang='grc' dir='ltr'><strong>αἱ</strong></span> <span class='ocrx_word' id='word_1_45' title='bbox 518 905 597 968; x_wconf 78' lang='grc' dir='ltr'><em>τῶν</em></span> <span class='ocrx_word' id='word_1_46' title='bbox 621 895 732 968; x_wconf 77' lang='grc' dir='ltr'><em>ὤτων</em></span> <span class='ocrx_word' id='word_1_47' title='bbox 759 899 1030 986; x_wconf 79' lang='grc' dir='ltr'><strong><em>ἐπιψαύσεις.</em></strong></span> <span class='ocrx_word' id='word_1_48' title='bbox 1076 901 1117 968; x_wconf 87' lang='grc' dir='ltr'><strong>τά</strong></span> <span class='ocrx_word' id='word_1_49' title='bbox 1140 900 1300 989; x_wconf 76' lang='grc' dir='ltr'><em>μὲνγὰρ,</em></span> <span class='ocrx_word' id='word_1_50' title='bbox 1329 901 1382 967; x_wconf 75' lang='grc' dir='ltr'><em>ἵνα</em></span> 
     </span>
     <span class='ocr_line' id='line_1_7' title="bbox 233 996 1451 1093; baseline -0.005 -19"><span class='ocrx_word' id='word_1_51' title='bbox 233 1007 371 1083; x_wconf 80' lang='grc' dir='ltr'><strong><em>δικαίως</em></strong></span> <span class='ocrx_word' id='word_1_52' title='bbox 399 1010 548 1093; x_wconf 70' lang='lat' dir='ltr'><strong>pinquat·</strong></span> <span class='ocrx_word' id='word_1_53' title='bbox 577 1002 619 1069; x_wconf 81' lang='grc' dir='ltr'><strong>τά</strong></span> <span class='ocrx_word' id='word_1_54' title='bbox 649 1003 684 1070; x_wconf 81' lang='grc' dir='ltr'><strong>δὲ</strong></span> <span class='ocrx_word' id='word_1_55' title='bbox 713 1003 760 1083; x_wconf 83' lang='grc' dir='ltr'><strong>εἷς</strong></span> <span class='ocrx_word' id='word_1_56' title='bbox 788 1003 846 1071; x_wconf 88' lang='grc' dir='ltr'><em>τὸν</em></span> <span class='ocrx_word' id='word_1_57' title='bbox 874 1009 933 1092; x_wconf 74' lang='grc' dir='ltr'><strong>τῆς</strong></span> <span class='ocrx_word' id='word_1_58' title='bbox 958 1009 1056 1093; x_wconf 78' lang='grc' dir='ltr'><em>τιμῆς</em></span> <span class='ocrx_word' id='word_1_59' title='bbox 1077 1004 1255 1093; x_wconf 84' lang='grc' dir='ltr'><em>μερισμόν·</em></span> <span class='ocrx_word' id='word_1_60' title='bbox 1285 1002 1324 1070; x_wconf 85' lang='grc' dir='ltr'><strong>τὸ</strong></span> <span class='ocrx_word' id='word_1_61' title='bbox 1349 996 1379 1068; x_wconf 88' lang='lat' dir='ltr'><strong>d’</strong></span> <span class='ocrx_word' id='word_1_62' title='bbox 1419 1005 1421 1013; x_wconf 53' lang='lat'><strong><em>⁴</em></strong></span> <span class='ocrx_word' id='word_1_63' title='bbox 1450 1003 1451 1008; x_wconf 65' lang='grc'>’</span> 
     </span>
     <span class='ocr_line' id='line_1_8' title="bbox 232 1101 1382 1196; baseline -0.003 -21"><span class='ocrx_word' id='word_1_64' title='bbox 232 1102 327 1187; x_wconf 77' lang='grc' dir='ltr'><em>ὅπως</em></span> <span class='ocrx_word' id='word_1_65' title='bbox 348 1103 365 1174; x_wconf 86' lang='grc' dir='ltr'>ὁ</span> <span class='ocrx_word' id='word_1_66' title='bbox 389 1105 590 1196; x_wconf 81' lang='grc' dir='ltr'><em>παρατυχών</em></span> <span class='ocrx_word' id='word_1_67' title='bbox 614 1101 665 1183; x_wconf 76' lang='grc' dir='ltr'><strong>ὥς</strong></span> <span class='ocrx_word' id='word_1_68' title='bbox 691 1105 847 1195; x_wconf 79' lang='grc' dir='ltr'><em>βάρους</em></span> <span class='ocrx_word' id='word_1_69' title='bbox 875 1105 992 1184; x_wconf 86' lang='grc' dir='ltr'><em>τινὸς</em></span> <span class='ocrx_word' id='word_1_70' title='bbox 1019 1101 1109 1193; x_wconf 72' lang='grc' dir='ltr'><em>αὐτῷ</em></span> <span class='ocrx_word' id='word_1_71' title='bbox 1132 1104 1382 1190; x_wconf 73' lang='grc' dir='ltr'><em>ἐπιτιθεμέ-</em></span> 
     </span>
    </p>

    <p class='ocr_par' dir='ltr' id='par_1_3' title="bbox 169 1202 1453 1705">
     <span class='ocr_line' id='line_1_9' title="bbox 169 1202 1382 1296; baseline -0.002 -18"><span class='ocrx_word' id='word_1_72' title='bbox 169 1217 172 1226; x_wconf 85' lang='grc'><strong>“</strong></span> <span class='ocrx_word' id='word_1_73' title='bbox 232 1237 301 1278; x_wconf 92' lang='grc' dir='ltr'><em>νου</em></span> <span class='ocrx_word' id='word_1_74' title='bbox 330 1207 458 1287; x_wconf 79' lang='grc' dir='ltr'><em>ἑστώς</em></span> <span class='ocrx_word' id='word_1_75' title='bbox 489 1202 644 1296; x_wconf 75' lang='grc' dir='ltr'><em>ἀκούσῃ</em></span> <span class='ocrx_word' id='word_1_76' title='bbox 673 1210 728 1275; x_wconf 86' lang='grc' dir='ltr'><strong>καὶ</strong></span> <span class='ocrx_word' id='word_1_77' title='bbox 750 1209 845 1287; x_wconf 84' lang='grc' dir='ltr'><em>τάξιν</em></span> <span class='ocrx_word' id='word_1_78' title='bbox 867 1215 1005 1294; x_wconf 80' lang='grc' dir='ltr'><em>μεσίτου</em></span> <span class='ocrx_word' id='word_1_79' title='bbox 1032 1208 1126 1296; x_wconf 78' lang='grc' dir='ltr'><em>λάβῃ.</em></span> <span class='ocrx_word' id='word_1_80' title='bbox 1172 1211 1284 1292; x_wconf 82' lang='lat' dir='ltr'><strong>Itaque</strong></span> <span class='ocrx_word' id='word_1_81' title='bbox 1308 1211 1382 1292; x_wconf 88' lang='lat' dir='ltr'><strong>quin</strong></span> 
     </span>
     <span class='ocr_line' id='line_1_10' title="bbox 231 1310 1452 1398; baseline -0.002 -16"><span class='ocrx_word' id='word_1_82' title='bbox 231 1316 295 1382; x_wconf 93' lang='lat' dir='ltr'><strong>huc</strong></span> <span class='ocrx_word' id='word_1_83' title='bbox 316 1315 417 1380; x_wconf 87' lang='lat' dir='ltr'><strong>uerba</strong></span> <span class='ocrx_word' id='word_1_84' title='bbox 431 1313 489 1378; x_wconf 92' lang='lat' dir='ltr'><strong>illa</strong></span> <span class='ocrx_word' id='word_1_85' title='bbox 505 1310 671 1396; x_wconf 70' lang='grc' dir='ltr'><em>ἔψαυσεν.</em></span> <span class='ocrx_word' id='word_1_86' title='bbox 687 1363 694 1377; x_wconf 94' lang='grc'><em>.</em></span> <span class='ocrx_word' id='word_1_87' title='bbox 709 1363 715 1377; x_wconf 94' lang='grc'><strong>.</strong></span> <span class='ocrx_word' id='word_1_88' title='bbox 731 1310 851 1378; x_wconf 81' lang='grc' dir='ltr'><em>δώσειν</em></span> <span class='ocrx_word' id='word_1_89' title='bbox 867 1319 1018 1398; x_wconf 78' lang='lat' dir='ltr'><strong>spectent,</strong></span> <span class='ocrx_word' id='word_1_90' title='bbox 1043 1312 1114 1395; x_wconf 92' lang='lat' dir='ltr'><strong>quis</strong></span> <span class='ocrx_word' id='word_1_91' title='bbox 1130 1314 1230 1378; x_wconf 88' lang='lat' dir='ltr'><strong>semel</strong></span> <span class='ocrx_word' id='word_1_92' title='bbox 1244 1313 1381 1379; x_wconf 92' lang='lat' dir='ltr'><strong>monitus</strong></span> <span class='ocrx_word' id='word_1_93' title='bbox 1451 1331 1452 1334; x_wconf 71' lang='grc'>’</span> 
     </span>
     <span class='ocr_line' id='line_1_11' title="bbox 231 1414 1382 1500; baseline -0.001 -17"><span class='ocrx_word' id='word_1_94' title='bbox 231 1415 414 1484; x_wconf 83' lang='lat' dir='ltr'><strong>dubitabit?</strong></span> <span class='ocrx_word' id='word_1_95' title='bbox 457 1416 620 1481; x_wconf 88' lang='lat' dir='ltr'><strong>Romanus</strong></span> <span class='ocrx_word' id='word_1_96' title='bbox 647 1414 744 1500; x_wconf 82' lang='lat' dir='ltr'><strong>igitur</strong></span> <span class='ocrx_word' id='word_1_97' title='bbox 772 1415 847 1500; x_wconf 84' lang='lat' dir='ltr'><strong>fuit,</strong></span> <span class='ocrx_word' id='word_1_98' title='bbox 880 1415 935 1497; x_wconf 91' lang='lat' dir='ltr'><strong>qui</strong></span> <span class='ocrx_word' id='word_1_99' title='bbox 961 1415 1044 1482; x_wconf 86' lang='lat' dir='ltr'><strong>baec</strong></span> <span class='ocrx_word' id='word_1_100' title='bbox 1072 1414 1199 1500; x_wconf 77' lang='lat' dir='ltr'><strong>scripsit</strong></span> <span class='ocrx_word' id='word_1_101' title='bbox 1225 1417 1276 1482; x_wconf 91' lang='lat' dir='ltr'><strong>uel</strong></span> <span class='ocrx_word' id='word_1_102' title='bbox 1299 1421 1382 1482; x_wconf 90' lang='lat' dir='ltr'><strong>certe</strong></span> 
     </span>
     <span class='ocr_line' id='line_1_12' title="bbox 232 1516 1382 1603; baseline -0.001 -18"><span class='ocrx_word' id='word_1_103' title='bbox 232 1519 310 1585; x_wconf 90' lang='lat' dir='ltr'><strong>iuris</strong></span> <span class='ocrx_word' id='word_1_104' title='bbox 324 1517 460 1584; x_wconf 90' lang='lat' dir='ltr'><strong>Romani</strong></span> <span class='ocrx_word' id='word_1_105' title='bbox 483 1517 562 1583; x_wconf 88' lang='lat' dir='ltr'><strong>satis</strong></span> <span class='ocrx_word' id='word_1_106' title='bbox 583 1517 719 1602; x_wconf 90' lang='lat' dir='ltr'><strong>peritus;</strong></span> <span class='ocrx_word' id='word_1_107' title='bbox 743 1539 817 1584; x_wconf 90' lang='lat' dir='ltr'><strong>nam</strong></span> <span class='ocrx_word' id='word_1_108' title='bbox 841 1517 928 1603; x_wconf 91' lang='lat' dir='ltr'><strong>apud</strong></span> <span class='ocrx_word' id='word_1_109' title='bbox 946 1516 1087 1584; x_wconf 83' lang='lat' dir='ltr'><strong>Graecos</strong></span> <span class='ocrx_word' id='word_1_110' title='bbox 1110 1517 1208 1584; x_wconf 91' lang='lat' dir='ltr'><strong>moris</strong></span> <span class='ocrx_word' id='word_1_111' title='bbox 1222 1517 1310 1584; x_wconf 90' lang='lat' dir='ltr'><strong>illius</strong></span> <span class='ocrx_word' id='word_1_112' title='bbox 1326 1539 1382 1585; x_wconf 88' lang='lat' dir='ltr'><strong>neo</strong></span> 
     </span>
     <span class='ocr_line' id='line_1_13' title="bbox 232 1617 1453 1705; baseline -0.003 -18"><span class='ocrx_word' id='word_1_113' title='bbox 232 1622 307 1688; x_wconf 87' lang='lat' dir='ltr'><strong>uola</strong></span> <span class='ocrx_word' id='word_1_114' title='bbox 329 1625 435 1687; x_wconf 83' lang='lat' dir='ltr'><strong>exstat</strong></span> <span class='ocrx_word' id='word_1_115' title='bbox 457 1639 516 1686; x_wconf 91' lang='lat' dir='ltr'><strong>nec</strong></span> <span class='ocrx_word' id='word_1_116' title='bbox 538 1618 705 1703; x_wconf 84' lang='lat' dir='ltr'><strong>uestigium</strong></span> <span class='ocrx_word' id='word_1_117' title='bbox 718 1618 753 1705; x_wconf 91' lang='lat'><strong>¹).</strong></span> <span class='ocrx_word' id='word_1_118' title='bbox 1452 1617 1453 1622; x_wconf 74' lang='grc'>’</span> 
     </span>
    </p>

    <p class='ocr_par' dir='ltr' id='par_1_4' title="bbox 232 1721 1454 2218">
     <span class='ocr_line' id='line_1_14' title="bbox 317 1721 1382 1807; baseline -0.002 -19"><span class='ocrx_word' id='word_1_119' title='bbox 317 1721 547 1790; x_wconf 80' lang='lat' dir='ltr'><strong>Testimonium</strong></span> <span class='ocrx_word' id='word_1_120' title='bbox 575 1743 639 1789; x_wconf 92' lang='lat' dir='ltr'><strong>non</strong></span> <span class='ocrx_word' id='word_1_121' title='bbox 667 1722 770 1788; x_wconf 91' lang='lat' dir='ltr'><strong>minus</strong></span> <span class='ocrx_word' id='word_1_122' title='bbox 792 1742 891 1806; x_wconf 87' lang='lat' dir='ltr'><strong>graue</strong></span> <span class='ocrx_word' id='word_1_123' title='bbox 912 1722 1023 1788; x_wconf 85' lang='lat' dir='ltr'><strong>fabula</strong></span> <span class='ocrx_word' id='word_1_124' title='bbox 1050 1727 1108 1788; x_wconf 86' lang='lat'><strong>173</strong></span> <span class='ocrx_word' id='word_1_125' title='bbox 1136 1723 1217 1789; x_wconf 81' lang='lat' dir='ltr'><strong>Ebh.</strong></span> <span class='ocrx_word' id='word_1_126' title='bbox 1240 1723 1382 1807; x_wconf 83' lang='lat' dir='ltr'><strong>praebet,</strong></span> 
     </span>
     <span class='ocr_line' id='line_1_15' title="bbox 234 1823 1380 1912; baseline -0.001 -20"><span class='ocrx_word' id='word_1_127' title='bbox 234 1846 329 1909; x_wconf 92' lang='lat' dir='ltr'><strong>quam</strong></span> <span class='ocrx_word' id='word_1_128' title='bbox 344 1824 455 1892; x_wconf 91' lang='lat' dir='ltr'><strong>Babrii</strong></span> <span class='ocrx_word' id='word_1_129' title='bbox 477 1843 547 1892; x_wconf 88' lang='lat' dir='ltr'><strong>esse</strong></span> <span class='ocrx_word' id='word_1_130' title='bbox 570 1843 642 1890; x_wconf 92' lang='lat' dir='ltr'><strong>cum</strong></span> <span class='ocrx_word' id='word_1_131' title='bbox 655 1823 814 1908; x_wconf 70' lang='lat' dir='ltr'><strong>Auianu),</strong></span> <span class='ocrx_word' id='word_1_132' title='bbox 836 1825 954 1908; x_wconf 81' lang='lat' dir='ltr'><strong>Ignatii</strong></span> <span class='ocrx_word' id='word_1_133' title='bbox 975 1825 1129 1908; x_wconf 80' lang='lat' dir='ltr'><strong>magistri,</strong></span> <span class='ocrx_word' id='word_1_134' title='bbox 1151 1825 1380 1912; x_wconf 81' lang='lat' dir='ltr'><strong>paraphrastae</strong></span> 
     </span>
     <span class='ocr_line' id='line_1_16' title="bbox 232 1911 1454 2011; baseline -0.004 -15"><span class='ocrx_word' id='word_1_135' title='bbox 232 1928 401 1997; x_wconf 91' lang='lat' dir='ltr'><strong>Bodleiani</strong></span> <span class='ocrx_word' id='word_1_136' title='bbox 423 1925 515 2011; x_wconf 82' lang='lat'>(148)</span> <span class='ocrx_word' id='word_1_137' title='bbox 537 1925 742 1993; x_wconf 87' lang='lat' dir='ltr'><strong>auctoritates</strong></span> <span class='ocrx_word' id='word_1_138' title='bbox 765 1926 952 1994; x_wconf 92' lang='lat' dir='ltr'><strong>coniunctae</strong></span> <span class='ocrx_word' id='word_1_139' title='bbox 974 1934 1041 1993; x_wconf 89' lang='lat' dir='ltr'><strong>tum</strong></span> <span class='ocrx_word' id='word_1_140' title='bbox 1057 1929 1149 1995; x_wconf 90' lang='lat' dir='ltr'><strong>metri</strong></span> <span class='ocrx_word' id='word_1_141' title='bbox 1164 1927 1379 2010; x_wconf 86' lang='lat' dir='ltr'><strong>sermonisque</strong></span> <span class='ocrx_word' id='word_1_142' title='bbox 1453 1911 1454 1934; x_wconf 57' lang='lat'>¹</span> 
     </span>
     <span class='ocr_line' id='line_1_17' title="bbox 232 2025 1380 2113; baseline -0.001 -17"><span class='ocrx_word' id='word_1_143' title='bbox 232 2029 386 2098; x_wconf 90' lang='lat' dir='ltr'><strong>Babriani</strong></span> <span class='ocrx_word' id='word_1_144' title='bbox 413 2029 568 2111; x_wconf 89' lang='lat' dir='ltr'><strong>reliquiae</strong></span> <span class='ocrx_word' id='word_1_145' title='bbox 597 2028 754 2113; x_wconf 89' lang='lat' dir='ltr'><strong>plurimae</strong></span> <span class='ocrx_word' id='word_1_146' title='bbox 765 2025 791 2113; x_wconf 83' lang='lat'><strong>3)</strong></span> <span class='ocrx_word' id='word_1_147' title='bbox 823 2029 1038 2112; x_wconf 87' lang='lat' dir='ltr'><strong>comprobant.</strong></span> <span class='ocrx_word' id='word_1_148' title='bbox 1089 2031 1245 2096; x_wconf 87' lang='lat' dir='ltr'><strong>Narratur</strong></span> <span class='ocrx_word' id='word_1_149' title='bbox 1271 2029 1305 2095; x_wconf 92' lang='lat' dir='ltr'><strong>in</strong></span> <span class='ocrx_word' id='word_1_150' title='bbox 1336 2049 1380 2112; x_wconf 90' lang='lat' dir='ltr'><strong>ea,</strong></span> 
     </span>
     <span class='ocr_line' id='line_1_18' title="bbox 233 2129 1379 2218; baseline -0.002 -18"><span class='ocrx_word' id='word_1_151' title='bbox 233 2134 358 2201; x_wconf 88' lang='lat' dir='ltr'><strong>leonem</strong></span> <span class='ocrx_word' id='word_1_152' title='bbox 381 2138 413 2199; x_wconf 90' lang='lat' dir='ltr'><strong>et</strong></span> <span class='ocrx_word' id='word_1_153' title='bbox 436 2131 594 2197; x_wconf 91' lang='lat' dir='ltr'><strong>hominem</strong></span> <span class='ocrx_word' id='word_1_154' title='bbox 617 2129 710 2197; x_wconf 91' lang='lat' dir='ltr'><strong>simul</strong></span> <span class='ocrx_word' id='word_1_155' title='bbox 733 2131 794 2197; x_wconf 90' lang='lat' dir='ltr'><strong>iter</strong></span> <span class='ocrx_word' id='word_1_156' title='bbox 816 2131 970 2197; x_wconf 86' lang='lat' dir='ltr'><strong>iacientes</strong></span> <span class='ocrx_word' id='word_1_157' title='bbox 992 2131 1119 2217; x_wconf 88' lang='lat' dir='ltr'><strong>cippum</strong></span> <span class='ocrx_word' id='word_1_158' title='bbox 1135 2132 1297 2218; x_wconf 89' lang='lat' dir='ltr'><strong>lapideum</strong></span> <span class='ocrx_word' id='word_1_159' title='bbox 1309 2132 1335 2216; x_wconf 79' lang='lat'><strong>⁴)</strong></span> <span class='ocrx_word' id='word_1_160' title='bbox 1349 2132 1379 2198; x_wconf 92' lang='lat' dir='ltr'><strong>in</strong></span> 
     </span>
    </p>
   </div>
   <div class='ocr_carea' id='block_1_3' title="bbox 231 2374 1379 4160">
    <p class='ocr_par' dir='ltr' id='par_1_5' title="bbox 232 2374 1379 2797">
     <span class='ocr_line' id='line_1_19' title="bbox 320 2374 1377 2453; baseline 0 -15"><span class='ocrx_word' id='word_1_161' title='bbox 320 2391 344 2451; x_wconf 85' lang='lat' dir='ltr'><strong>l)</strong></span> <span class='ocrx_word' id='word_1_162' title='bbox 361 2385 436 2440; x_wconf 84' lang='lat' dir='ltr'><strong>Nihil</strong></span> <span class='ocrx_word' id='word_1_163' title='bbox 453 2384 516 2439; x_wconf 90' lang='lat' dir='ltr'><strong>inde</strong></span> <span class='ocrx_word' id='word_1_164' title='bbox 529 2384 708 2452; x_wconf 84' lang='lat' dir='ltr'><strong>consequitur,</strong></span> <span class='ocrx_word' id='word_1_165' title='bbox 727 2384 798 2453; x_wconf 90' lang='lat' dir='ltr'><strong>quod</strong></span> <span class='ocrx_word' id='word_1_166' title='bbox 809 2383 923 2452; x_wconf 83' lang='lat' dir='ltr'><strong>legimus</strong></span> <span class='ocrx_word' id='word_1_167' title='bbox 935 2383 1063 2438; x_wconf 88' lang='lat' dir='ltr'><strong>Herodot.</strong></span> <span class='ocrx_word' id='word_1_168' title='bbox 1071 2383 1131 2450; x_wconf 88' lang='lat' dir='ltr'><strong>VH,</strong></span> <span class='ocrx_word' id='word_1_169' title='bbox 1142 2389 1187 2440; x_wconf 83' lang='lat'><strong>39:</strong></span> <span class='ocrx_word' id='word_1_170' title='bbox 1207 2374 1235 2437; x_wconf 75' lang='grc' dir='ltr'><strong>εὖ</strong></span> <span class='ocrx_word' id='word_1_171' title='bbox 1257 2406 1308 2437; x_wconf 82' lang='grc' dir='ltr'><strong>νυν</strong></span> <span class='ocrx_word' id='word_1_172' title='bbox 1319 2382 1377 2438; x_wconf 80' lang='grc' dir='ltr'><em>τάδ’</em></span> 
     </span>
     <span class='ocr_line' id='line_1_20' title="bbox 233 2463 1378 2542; baseline 0.001 -18"><span class='ocrx_word' id='word_1_173' title='bbox 233 2477 374 2536; x_wconf 68' lang='grc' dir='ltr'><em>ἐπίστασο,</em></span> <span class='ocrx_word' id='word_1_174' title='bbox 393 2466 429 2524; x_wconf 74' lang='lat' dir='ltr'><strong>uis</strong></span> <span class='ocrx_word' id='word_1_175' title='bbox 446 2475 476 2524; x_wconf 75' lang='grc' dir='ltr'><em>ἐν</em></span> <span class='ocrx_word' id='word_1_176' title='bbox 494 2475 565 2522; x_wconf 84' lang='grc' dir='ltr'><em>τοῖσι</em></span> <span class='ocrx_word' id='word_1_177' title='bbox 584 2466 636 2522; x_wconf 75' lang='lat' dir='ltr'><strong>cici</strong></span> <span class='ocrx_word' id='word_1_178' title='bbox 653 2471 712 2523; x_wconf 79' lang='grc' dir='ltr'><em>τῶν</em></span> <span class='ocrx_word' id='word_1_179' title='bbox 728 2465 894 2542; x_wconf 73' lang='grc' dir='ltr'><em>ἀνθρώπων</em></span> <span class='ocrx_word' id='word_1_180' title='bbox 912 2470 991 2522; x_wconf 79' lang='grc' dir='ltr'><em>οἰκέει</em></span> <span class='ocrx_word' id='word_1_181' title='bbox 1008 2463 1126 2536; x_wconf 64' lang='grc' dir='ltr'><em>ὁθνμάε</em></span> <span class='ocrx_word' id='word_1_182' title='bbox 1138 2467 1203 2536; x_wconf 85' lang='grc' dir='ltr'><em>κτλ,</em></span> <span class='ocrx_word' id='word_1_183' title='bbox 1222 2476 1304 2538; x_wconf 82' lang='lat' dir='ltr'><strong>atque</strong></span> <span class='ocrx_word' id='word_1_184' title='bbox 1315 2470 1378 2525; x_wconf 82' lang='lat' dir='ltr'><strong>Luc.</strong></span> 
     </span>
     <span class='ocr_line' id='line_1_21' title="bbox 233 2549 1378 2624; baseline -0.005 -12"><span class='ocrx_word' id='word_1_185' title='bbox 233 2558 305 2612; x_wconf 92' lang='lat' dir='ltr'><strong>diall.</strong></span> <span class='ocrx_word' id='word_1_186' title='bbox 318 2563 424 2612; x_wconf 87' lang='lat' dir='ltr'><strong>meretr.</strong></span> <span class='ocrx_word' id='word_1_187' title='bbox 435 2563 459 2624; x_wconf 74' lang='lat' dir='ltr'><strong>a,</strong></span> <span class='ocrx_word' id='word_1_188' title='bbox 472 2560 500 2610; x_wconf 85' lang='lat'><strong>2:</strong></span> <span class='ocrx_word' id='word_1_189' title='bbox 519 2552 631 2624; x_wconf 71' lang='grc' dir='ltr'><em>ἐβόμβει</em></span> <span class='ocrx_word' id='word_1_190' title='bbox 648 2553 682 2607; x_wconf 88' lang='grc' dir='ltr'><strong>τά</strong></span> <span class='ocrx_word' id='word_1_191' title='bbox 700 2573 760 2607; x_wconf 78' lang='grc' dir='ltr'><em>στα</em></span> <span class='ocrx_word' id='word_1_192' title='bbox 777 2549 841 2622; x_wconf 76' lang='grc' dir='ltr'><em>ὑμῖν</em></span> <span class='ocrx_word' id='word_1_193' title='bbox 858 2558 1004 2619; x_wconf 74' lang='lat' dir='ltr'><strong>tuoruum:</strong></span> <span class='ocrx_word' id='word_1_194' title='bbox 1025 2549 1123 2609; x_wconf 88' lang='lat' dir='ltr'><strong>‘haben</strong></span> <span class='ocrx_word' id='word_1_195' title='bbox 1143 2554 1212 2609; x_wconf 86' lang='lat' dir='ltr'><strong>euch</strong></span> <span class='ocrx_word' id='word_1_196' title='bbox 1230 2553 1273 2609; x_wconf 87' lang='lat' dir='ltr'><strong>die</strong></span> <span class='ocrx_word' id='word_1_197' title='bbox 1292 2554 1378 2609; x_wconf 86' lang='lat' dir='ltr'><strong>0hren</strong></span> 
     </span>
     <span class='ocr_line' id='line_1_22' title="bbox 233 2637 1379 2712; baseline -0.005 -16"><span class='ocrx_word' id='word_1_198' title='bbox 233 2643 309 2697; x_wconf 85' lang='lat' dir='ltr'><strong>nieht</strong></span> <span class='ocrx_word' id='word_1_199' title='bbox 325 2638 536 2710; x_wconf 62' lang='lat' dir='ltr'><strong>goklungen‘l‘p</strong></span> <span class='ocrx_word' id='word_1_200' title='bbox 560 2637 600 2693; x_wconf 79' lang='grc' dir='ltr'><strong>ἀεὶ</strong></span> <span class='ocrx_word' id='word_1_201' title='bbox 624 2638 674 2712; x_wconf 80' lang='grc' dir='ltr'><strong>γὰρ</strong></span> <span class='ocrx_word' id='word_1_202' title='bbox 692 2644 825 2708; x_wconf 78' lang='grc' dir='ltr'><em>ἐμέμνητο</em></span> <span class='ocrx_word' id='word_1_203' title='bbox 843 2637 913 2705; x_wconf 73' lang='grc' dir='ltr'><em>κτλ,</em></span> <span class='ocrx_word' id='word_1_204' title='bbox 937 2639 970 2693; x_wconf 90' lang='lat' dir='ltr'><strong>de</strong></span> <span class='ocrx_word' id='word_1_205' title='bbox 991 2656 1043 2708; x_wconf 87' lang='lat' dir='ltr'><strong>quo</strong></span> <span class='ocrx_word' id='word_1_206' title='bbox 1063 2639 1096 2694; x_wconf 86' lang='lat' dir='ltr'><strong>ci.</strong></span> <span class='ocrx_word' id='word_1_207' title='bbox 1112 2639 1210 2694; x_wconf 83' lang='lat' dir='ltr'><strong>Friedl.</strong></span> <span class='ocrx_word' id='word_1_208' title='bbox 1226 2637 1379 2694; x_wconf 87' lang='lat' dir='ltr'><strong>Darstell.1</strong></span> 
     </span>
     <span class='ocr_line' id='line_1_23' title="bbox 232 2731 331 2797; baseline -0.01 -14"><span class='ocrx_word' id='word_1_209' title='bbox 232 2744 259 2797; x_wconf 92' lang='lat' dir='ltr'><strong>p.</strong></span> <span class='ocrx_word' id='word_1_210' title='bbox 272 2731 331 2783; x_wconf 84' lang='grc'><strong>516.</strong></span> 
     </span>
    </p>

    <p class='ocr_par' dir='ltr' id='par_1_6' title="bbox 232 2807 1379 3135">
     <span class='ocr_line' id='line_1_24' title="bbox 319 2807 1379 2879; baseline -0.004 -13"><span class='ocrx_word' id='word_1_211' title='bbox 319 2813 343 2876; x_wconf 81' lang='lat'><strong>2)</strong></span> <span class='ocrx_word' id='word_1_212' title='bbox 362 2811 404 2866; x_wconf 87' lang='lat' dir='ltr'><strong>Ne</strong></span> <span class='ocrx_word' id='word_1_213' title='bbox 421 2825 475 2865; x_wconf 89' lang='lat' dir='ltr'><strong>una</strong></span> <span class='ocrx_word' id='word_1_214' title='bbox 493 2809 604 2878; x_wconf 87' lang='lat' dir='ltr'><strong>quidem·</strong></span> <span class='ocrx_word' id='word_1_215' title='bbox 617 2811 706 2862; x_wconf 83' lang='lat' dir='ltr'><strong>exstat</strong></span> <span class='ocrx_word' id='word_1_216' title='bbox 722 2808 816 2862; x_wconf 83' lang='lat' dir='ltr'><strong>fabula</strong></span> <span class='ocrx_word' id='word_1_217' title='bbox 834 2810 907 2877; x_wconf 88' lang='lat' dir='ltr'><strong>apud</strong></span> <span class='ocrx_word' id='word_1_218' title='bbox 925 2809 1061 2864; x_wconf 87' lang='lat' dir='ltr'><strong>Auianum</strong></span> <span class='ocrx_word' id='word_1_219' title='bbox 1081 2825 1151 2879; x_wconf 87' lang='lat' dir='ltr'><strong>quae</strong></span> <span class='ocrx_word' id='word_1_220' title='bbox 1167 2826 1221 2865; x_wconf 92' lang='lat' dir='ltr'><strong>non</strong></span> <span class='ocrx_word' id='word_1_221' title='bbox 1239 2807 1379 2864; x_wconf 81' lang='lat' dir='ltr'><strong>radestad</strong></span> 
     </span>
     <span class='ocr_line' id='line_1_25' title="bbox 234 2893 1378 2964; baseline -0.003 -13"><span class='ocrx_word' id='word_1_222' title='bbox 234 2897 375 2962; x_wconf 87' lang='lat' dir='ltr'><strong>Babriurn,</strong></span> <span class='ocrx_word' id='word_1_223' title='bbox 399 2910 462 2950; x_wconf 88' lang='lat' dir='ltr'><strong>nam</strong></span> <span class='ocrx_word' id='word_1_224' title='bbox 481 2895 585 2964; x_wconf 88' lang='lat' dir='ltr'><strong>etipsa</strong></span> <span class='ocrx_word' id='word_1_225' title='bbox 603 2893 681 2948; x_wconf 88' lang='lat' dir='ltr'><strong>XXX</strong></span> <span class='ocrx_word' id='word_1_226' title='bbox 698 2893 819 2960; x_wconf 87' lang='lat' dir='ltr'><strong>(Lachm.</strong></span> <span class='ocrx_word' id='word_1_227' title='bbox 837 2895 918 2949; x_wconf 89' lang='lat' dir='ltr'><strong>Babr.</strong></span> <span class='ocrx_word' id='word_1_228' title='bbox 933 2912 960 2964; x_wconf 89' lang='lat' dir='ltr'><strong>p.</strong></span> <span class='ocrx_word' id='word_1_229' title='bbox 974 2894 1024 2960; x_wconf 77' lang='lat' dir='ltr'><strong>IX)</strong></span> <span class='ocrx_word' id='word_1_230' title='bbox 1041 2895 1136 2950; x_wconf 91' lang='lat' dir='ltr'><strong>Babrii</strong></span> <span class='ocrx_word' id='word_1_231' title='bbox 1150 2901 1182 2950; x_wconf 80' lang='lat'><strong>95</strong></span> <span class='ocrx_word' id='word_1_232' title='bbox 1203 2899 1243 2950; x_wconf 89' lang='lat' dir='ltr'><strong>est</strong></span> <span class='ocrx_word' id='word_1_233' title='bbox 1260 2895 1289 2949; x_wconf 90' lang='lat' dir='ltr'><strong>in</strong></span> <span class='ocrx_word' id='word_1_234' title='bbox 1306 2893 1378 2963; x_wconf 90' lang='lat' dir='ltr'><strong>peius</strong></span> 
     </span>
     <span class='ocr_line' id='line_1_26' title="bbox 232 2977 1377 3046; baseline -0.004 -9"><span class='ocrx_word' id='word_1_235' title='bbox 232 2987 344 3037; x_wconf 86' lang='lat' dir='ltr'><strong>mutata.</strong></span> <span class='ocrx_word' id='word_1_236' title='bbox 380 2979 465 3035; x_wconf 87' lang='lat' dir='ltr'><strong>Recte</strong></span> <span class='ocrx_word' id='word_1_237' title='bbox 482 2979 587 3035; x_wconf 86' lang='lat' dir='ltr'><strong>iudicet</strong></span> <span class='ocrx_word' id='word_1_238' title='bbox 604 2977 722 3042; x_wconf 81' lang='lat' dir='ltr'><strong>Teuffel,</strong></span> <span class='ocrx_word' id='word_1_239' title='bbox 739 2984 806 3033; x_wconf 83' lang='lat' dir='ltr'><strong>rbm.</strong></span> <span class='ocrx_word' id='word_1_240' title='bbox 822 2979 854 3031; x_wconf 86' lang='lat' dir='ltr'><strong>L.</strong></span> <span class='ocrx_word' id='word_1_241' title='bbox 876 2979 907 3034; x_wconf 82' lang='lat' dir='ltr'><strong>G.</strong></span> <span class='ocrx_word' id='word_1_242' title='bbox 927 2983 942 3046; x_wconf 63' lang='grc' dir='ltr'><strong>ξ</strong></span> <span class='ocrx_word' id='word_1_243' title='bbox 960 2983 1007 3045; x_wconf 71' lang='lat'><strong>27,</strong></span> <span class='ocrx_word' id='word_1_244' title='bbox 1025 2980 1114 3034; x_wconf 91' lang='lat' dir='ltr'><strong>minus</strong></span> <span class='ocrx_word' id='word_1_245' title='bbox 1131 2983 1206 3034; x_wconf 81' lang='lat' dir='ltr'><strong>recte</strong></span> <span class='ocrx_word' id='word_1_246' title='bbox 1223 2978 1377 3046; x_wconf 81' lang='lat' dir='ltr'><strong>Bernhardy</strong></span> 
     </span>
     <span class='ocr_line' id='line_1_27' title="bbox 233 3065 526 3135; baseline 0 -15"><span class='ocrx_word' id='word_1_247' title='bbox 233 3067 280 3122; x_wconf 85' lang='lat' dir='ltr'><strong>Gr.</strong></span> <span class='ocrx_word' id='word_1_248' title='bbox 290 3067 322 3122; x_wconf 89' lang='lat' dir='ltr'><strong>L.</strong></span> <span class='ocrx_word' id='word_1_249' title='bbox 334 3065 457 3135; x_wconf 81' lang='lat' dir='ltr'><strong>G.ll²p.</strong></span> <span class='ocrx_word' id='word_1_250' title='bbox 468 3070 526 3120; x_wconf 77' lang='lat' dir='ltr'><strong>tlt.</strong></span> 
     </span>
    </p>

    <p class='ocr_par' dir='ltr' id='par_1_7' title="bbox 232 3148 1378 3647">
     <span class='ocr_line' id='line_1_28' title="bbox 319 3148 1376 3220; baseline -0.003 -15"><span class='ocrx_word' id='word_1_251' title='bbox 319 3157 344 3218; x_wconf 82' lang='lat'><strong>3)</strong></span> <span class='ocrx_word' id='word_1_252' title='bbox 362 3152 437 3220; x_wconf 73' lang='lat' dir='ltr'><strong>Quae</strong></span> <span class='ocrx_word' id='word_1_253' title='bbox 454 3149 483 3204; x_wconf 91' lang='lat' dir='ltr'><strong>in</strong></span> <span class='ocrx_word' id='word_1_254' title='bbox 501 3148 753 3205; x_wconf 70' lang='lat' dir='ltr'><strong>dissonantem.</strong></span> <span class='ocrx_word' id='word_1_255' title='bbox 773 3149 926 3219; x_wconf 78' lang='lat' dir='ltr'><strong>exscripsit3</strong></span> <span class='ocrx_word' id='word_1_256' title='bbox 945 3164 978 3204; x_wconf 85' lang='lat' dir='ltr'><strong>ex</strong></span> <span class='ocrx_word' id='word_1_257' title='bbox 996 3149 1074 3204; x_wconf 91' lang='lat' dir='ltr'><strong>Bodl.</strong></span> <span class='ocrx_word' id='word_1_258' title='bbox 1091 3149 1308 3205; x_wconf 74' lang='lat' dir='ltr'><strong>tls-Knoellii</strong></span> <span class='ocrx_word' id='word_1_259' title='bbox 1319 3163 1376 3218; x_wconf 91' lang='lat' dir='ltr'><strong>pro·</strong></span> 
     </span>
     <span class='ocr_line' id='line_1_29' title="bbox 232 3228 1377 3306; baseline -0.004 -15"><span class='ocrx_word' id='word_1_260' title='bbox 232 3241 379 3306; x_wconf 78' lang='lat' dir='ltr'><strong>grammate</strong></span> <span class='ocrx_word' id='word_1_261' title='bbox 403 3249 482 3303; x_wconf 86' lang='lat' dir='ltr'><strong>aegre</strong></span> <span class='ocrx_word' id='word_1_262' title='bbox 507 3234 582 3289; x_wconf 89' lang='lat' dir='ltr'><strong>carui</strong></span> <span class='ocrx_word' id='word_1_263' title='bbox 605 3264 639 3273; x_wconf 91' lang='lat'>-</span> <span class='ocrx_word' id='word_1_264' title='bbox 663 3235 791 3290; x_wconf 87' lang='lat' dir='ltr'><strong>annotaui</strong></span> <span class='ocrx_word' id='word_1_265' title='bbox 815 3235 895 3290; x_wconf 88' lang='lat' dir='ltr'><strong>haec:</strong></span> <span class='ocrx_word' id='word_1_266' title='bbox 921 3228 1008 3289; x_wconf 74' lang='grc' dir='ltr'><em>άὸενέ</em></span> <span class='ocrx_word' id='word_1_267' title='bbox 1023 3254 1091 3289; x_wconf 73' lang='grc' dir='ltr'><em>ποτε</em></span> <span class='ocrx_word' id='word_1_268' title='bbox 1109 3233 1249 3288; x_wconf 70' lang='lat' dir='ltr'><strong>lacau-—</strong></span> <span class='ocrx_word' id='word_1_269' title='bbox 1267 3233 1319 3287; x_wconf 83' lang='grc' dir='ltr'><strong>σὺν</strong></span> <span class='ocrx_word' id='word_1_270' title='bbox 1336 3229 1377 3286; x_wconf 80' lang='grc' dir='ltr'><em>άν-</em></span> 
     </span>
     <span class='ocr_line' id='line_1_30' title="bbox 233 3315 1376 3393; baseline -0.004 -17"><span class='ocrx_word' id='word_1_271' title='bbox 233 3321 344 3393; x_wconf 73' lang='grc' dir='ltr'><strong><em>θρώπῳ</em></strong></span> <span class='ocrx_word' id='word_1_272' title='bbox 368 3324 377 3391; x_wconf 82' lang='grc' dir='ltr'><strong>ΙΙ</strong></span> <span class='ocrx_word' id='word_1_273' title='bbox 398 3325 509 3373; x_wconf 76' lang='grc' dir='ltr'><em>ἕκαστος</em></span> <span class='ocrx_word' id='word_1_274' title='bbox 527 3316 576 3384; x_wconf 74' lang='lat' dir='ltr'><strong>[dd]</strong></span> <span class='ocrx_word' id='word_1_275' title='bbox 595 3315 689 3373; x_wconf 67' lang='grc' dir='ltr'><em>αὐτῶν</em></span> <span class='ocrx_word' id='word_1_276' title='bbox 705 3324 761 3373; x_wconf 76' lang='grc' dir='ltr'><em>τοῖς</em></span> <span class='ocrx_word' id='word_1_277' title='bbox 779 3316 867 3392; x_wconf 74' lang='grc' dir='ltr'><em>λόγοις</em></span> <span class='ocrx_word' id='word_1_278' title='bbox 885 3321 1039 3386; x_wconf 77' lang='grc' dir='ltr'><em>ἐκαυχῶντο</em></span> <span class='ocrx_word' id='word_1_279' title='bbox 1058 3359 1065 3372; x_wconf 82' lang='grc'>,</span> <span class='ocrx_word' id='word_1_280' title='bbox 1084 3359 1090 3373; x_wconf 94' lang='grc'><strong>.</strong></span> <span class='ocrx_word' id='word_1_281' title='bbox 1110 3342 1132 3384; x_wconf 88' lang='lat'><strong>.;</strong></span> <span class='ocrx_word' id='word_1_282' title='bbox 1160 3316 1244 3386; x_wconf 88' lang='grc' dir='ltr'><em>στήλη</em></span> <span class='ocrx_word' id='word_1_283' title='bbox 1268 3324 1376 3390; x_wconf 77' lang='grc' dir='ltr'><em>πετρίνη</em></span> 
     </span>
     <span class='ocr_line' id='line_1_31' title="bbox 233 3402 1377 3478; baseline -0.005 -16"><span class='ocrx_word' id='word_1_284' title='bbox 233 3407 322 3462; x_wconf 90' lang='lat' dir='ltr'><strong>uerbis</strong></span> <span class='ocrx_word' id='word_1_285' title='bbox 346 3405 518 3474; x_wconf 86' lang='lat' dir='ltr'><strong>transpositis</strong></span> <span class='ocrx_word' id='word_1_286' title='bbox 543 3403 664 3459; x_wconf 87' lang='lat' dir='ltr'><strong>clausula</strong></span> <span class='ocrx_word' id='word_1_287' title='bbox 686 3419 782 3460; x_wconf 90' lang='lat' dir='ltr'><strong>uersus</strong></span> <span class='ocrx_word' id='word_1_288' title='bbox 804 3403 933 3472; x_wconf 59' lang='lat' dir='ltr'><strong>efflatum</strong></span> <span class='ocrx_word' id='word_1_289' title='bbox 959 3402 1057 3457; x_wconf 73' lang='grc' dir='ltr'><em>λέοντα</em></span> <span class='ocrx_word' id='word_1_290' title='bbox 1080 3412 1227 3478; x_wconf 76' lang='grc' dir='ltr'><em>πνιγσυσα,</em></span> <span class='ocrx_word' id='word_1_291' title='bbox 1249 3419 1301 3459; x_wconf 89' lang='lat' dir='ltr'><strong>scr.</strong></span> <span class='ocrx_word' id='word_1_292' title='bbox 1320 3423 1377 3472; x_wconf 84' lang='grc' dir='ltr'><em>συμ-</em></span> 
     </span>
     <span class='ocr_line' id='line_1_32' title="bbox 233 3483 1378 3565; baseline -0.005 -19"><span class='ocrx_word' id='word_1_293' title='bbox 233 3497 368 3565; x_wconf 78' lang='grc' dir='ltr'><em>πνίγουσα</em></span> <span class='ocrx_word' id='word_1_294' title='bbox 392 3507 426 3545; x_wconf 84' lang='lat' dir='ltr'><strong>ex</strong></span> <span class='ocrx_word' id='word_1_295' title='bbox 449 3489 492 3544; x_wconf 68' lang='lat' dir='ltr'><strong>Q:</strong></span> <span class='ocrx_word' id='word_1_296' title='bbox 518 3505 613 3545; x_wconf 82' lang='lat' dir='ltr'><strong>uersus</strong></span> <span class='ocrx_word' id='word_1_297' title='bbox 635 3490 747 3544; x_wconf 85' lang='lat' dir='ltr'><strong>initium.</strong></span> <span class='ocrx_word' id='word_1_298' title='bbox 783 3485 903 3544; x_wconf 78' lang='grc' dir='ltr'><em>κᾶκεῖνοε</em></span> <span class='ocrx_word' id='word_1_299' title='bbox 926 3490 1002 3544; x_wconf 78' lang='grc' dir='ltr'><em>εἶπεν</em></span> <span class='ocrx_word' id='word_1_300' title='bbox 1024 3483 1220 3559; x_wconf 69' lang='grc' dir='ltr'><em>ὑπομειδιάσας</em></span> <span class='ocrx_word' id='word_1_301' title='bbox 1245 3485 1301 3557; x_wconf 78' lang='grc' dir='ltr'><strong>(ὑπ.</strong></span> <span class='ocrx_word' id='word_1_302' title='bbox 1324 3489 1378 3554; x_wconf 72' lang='lat' dir='ltr'><strong>att)</strong></span> 
     </span>
     <span class='ocr_line' id='line_1_33' title="bbox 232 3573 830 3647; baseline -0.008 -16"><span class='ocrx_word' id='word_1_303' title='bbox 232 3577 317 3632; x_wconf 88' lang='lat' dir='ltr'><strong>uerba</strong></span> <span class='ocrx_word' id='word_1_304' title='bbox 334 3578 415 3647; x_wconf 88' lang='lat' dir='ltr'><strong>plane</strong></span> <span class='ocrx_word' id='word_1_305' title='bbox 433 3575 570 3631; x_wconf 83' lang='lat' dir='ltr'><strong>Bebriaua</strong></span> <span class='ocrx_word' id='word_1_306' title='bbox 587 3579 658 3641; x_wconf 89' lang='lat' dir='ltr'><strong>sunt,</strong></span> <span class='ocrx_word' id='word_1_307' title='bbox 677 3573 711 3628; x_wconf 85' lang='lat' dir='ltr'><strong>cf.</strong></span> <span class='ocrx_word' id='word_1_308' title='bbox 724 3579 779 3642; x_wconf 77' lang='lat'><strong>106,</strong></span> <span class='ocrx_word' id='word_1_309' title='bbox 790 3577 830 3628; x_wconf 80' lang='lat'><strong>29.</strong></span> 
     </span>
    </p>

    <p class='ocr_par' dir='ltr' id='par_1_8' title="bbox 231 3650 1378 4160">
     <span class='ocr_line' id='line_1_34' title="bbox 317 3650 1377 3734; baseline -0.005 -17"><span class='ocrx_word' id='word_1_310' title='bbox 317 3666 343 3729; x_wconf 80' lang='lat'><strong>4)</strong></span> <span class='ocrx_word' id='word_1_311' title='bbox 361 3661 437 3717; x_wconf 85' lang='lat' dir='ltr'><strong>Bodl.</strong></span> <span class='ocrx_word' id='word_1_312' title='bbox 451 3666 513 3716; x_wconf 72' lang='lat' dir='ltr'><strong>lla:</strong></span> <span class='ocrx_word' id='word_1_313' title='bbox 532 3666 578 3714; x_wconf 84' lang='grc' dir='ltr'><strong>καὶ</strong></span> <span class='ocrx_word' id='word_1_314' title='bbox 595 3659 629 3728; x_wconf 74' lang='grc' dir='ltr'><strong>δὴ</strong></span> <span class='ocrx_word' id='word_1_315' title='bbox 646 3663 676 3714; x_wconf 72' lang='grc' dir='ltr'><em>ἐν</em></span> <span class='ocrx_word' id='word_1_316' title='bbox 692 3662 726 3732; x_wconf 79' lang='grc' dir='ltr'><strong>τῇ</strong></span> <span class='ocrx_word' id='word_1_317' title='bbox 744 3655 800 3727; x_wconf 72' lang='grc' dir='ltr'><strong>ὁδῷ</strong></span> <span class='ocrx_word' id='word_1_318' title='bbox 818 3650 852 3726; x_wconf 79' lang='grc' dir='ltr'><em>ἦν</em></span> <span class='ocrx_word' id='word_1_319' title='bbox 869 3656 967 3732; x_wconf 73' lang='grc' dir='ltr'><em>ἀνδρὸς</em></span> <span class='ocrx_word' id='word_1_320' title='bbox 984 3657 1067 3728; x_wconf 87' lang='grc' dir='ltr'><em>στήλη</em></span> <span class='ocrx_word' id='word_1_321' title='bbox 1083 3667 1198 3734; x_wconf 80' lang='grc' dir='ltr'><em>πετρίνη</em></span> <span class='ocrx_word' id='word_1_322' title='bbox 1210 3659 1308 3714; x_wconf 77' lang='grc' dir='ltr'><em>λέοντα</em></span> <span class='ocrx_word' id='word_1_323' title='bbox 1320 3665 1377 3715; x_wconf 77' lang='grc' dir='ltr'><em>τινί·</em></span> 
     </span>
     <span class='ocr_line' id='line_1_35' title="bbox 231 3734 1378 3821; baseline -0.003 -19"><span class='ocrx_word' id='word_1_324' title='bbox 231 3766 325 3821; x_wconf 82' lang='grc' dir='ltr'><em>γουσα,</em></span> <span class='ocrx_word' id='word_1_325' title='bbox 342 3746 374 3800; x_wconf 86' lang='lat' dir='ltr'><strong>F.</strong></span> <span class='ocrx_word' id='word_1_326' title='bbox 390 3747 520 3802; x_wconf 78' lang='lat' dir='ltr'>169=H.</span> <span class='ocrx_word' id='word_1_327' title='bbox 532 3752 577 3802; x_wconf 82' lang='lat'><strong>63:</strong></span> <span class='ocrx_word' id='word_1_328' title='bbox 596 3734 673 3818; x_wconf 73' lang='grc' dir='ltr'><em>εὗρον</em></span> <span class='ocrx_word' id='word_1_329' title='bbox 691 3741 721 3796; x_wconf 76' lang='lat' dir='ltr'><strong>dd</strong></span> <span class='ocrx_word' id='word_1_330' title='bbox 739 3746 769 3795; x_wconf 74' lang='lat' dir='ltr'><strong>dv</strong></span> <span class='ocrx_word' id='word_1_331' title='bbox 786 3745 820 3817; x_wconf 80' lang='grc' dir='ltr'><strong>τῇ</strong></span> <span class='ocrx_word' id='word_1_332' title='bbox 839 3739 895 3811; x_wconf 77' lang='grc' dir='ltr'><strong>ὁδῷ</strong></span> <span class='ocrx_word' id='word_1_333' title='bbox 913 3752 1045 3816; x_wconf 80' lang='grc' dir='ltr'><em>πετρίνην</em></span> <span class='ocrx_word' id='word_1_334' title='bbox 1063 3743 1165 3813; x_wconf 80' lang='grc' dir='ltr'><em>στήλην</em></span> <span class='ocrx_word' id='word_1_335' title='bbox 1182 3740 1279 3815; x_wconf 78' lang='grc' dir='ltr'><em>ὁμοίαν</em></span> <span class='ocrx_word' id='word_1_336' title='bbox 1294 3741 1378 3815; x_wconf 77' lang='grc' dir='ltr'><em>ἀνδρὶ,</em></span> 
     </span>
     <span class='ocr_line' id='line_1_36' title="bbox 233 3828 1377 3904; baseline -0.001 -19"><span class='ocrx_word' id='word_1_337' title='bbox 233 3835 328 3904; x_wconf 78' lang='grc' dir='ltr'><em>ἑτέραν</em></span> <span class='ocrx_word' id='word_1_338' title='bbox 345 3828 447 3901; x_wconf 80' lang='grc' dir='ltr'><em>στήλην</em></span> <span class='ocrx_word' id='word_1_339' title='bbox 464 3831 572 3887; x_wconf 75' lang='grc' dir='ltr'><em>λέοντος</em></span> <span class='ocrx_word' id='word_1_340' title='bbox 588 3835 803 3901; x_wconf 75' lang='grc' dir='ltr'><em>συμπνίγουσανε</em></span> <span class='ocrx_word' id='word_1_341' title='bbox 822 3830 988 3900; x_wconf 85' lang='lat' dir='ltr'><strong>Byzantinus</strong></span> <span class='ocrx_word' id='word_1_342' title='bbox 1003 3832 1184 3901; x_wconf 65' lang='lat' dir='ltr'><strong>paraphrasis</strong></span> <span class='ocrx_word' id='word_1_343' title='bbox 1201 3829 1303 3898; x_wconf 82' lang='grc' dir='ltr'><em>στήλην</em></span> <span class='ocrx_word' id='word_1_344' title='bbox 1320 3845 1377 3900; x_wconf 83' lang='lat' dir='ltr'><strong>pes·</strong></span> 
     </span>
     <span class='ocr_line' id='line_1_37' title="bbox 232 3914 1377 3989; baseline -0.005 -15"><span class='ocrx_word' id='word_1_345' title='bbox 232 3918 299 3974; x_wconf 90' lang='lat' dir='ltr'><strong>sime</strong></span> <span class='ocrx_word' id='word_1_346' title='bbox 315 3933 366 3989; x_wconf 92' lang='lat' dir='ltr'><strong>pro</strong></span> <span class='ocrx_word' id='word_1_347' title='bbox 383 3918 443 3988; x_wconf 89' lang='lat' dir='ltr'><strong>ipsa</strong></span> <span class='ocrx_word' id='word_1_348' title='bbox 459 3917 575 3987; x_wconf 76' lang='lat' dir='ltr'><strong>imagine</strong></span> <span class='ocrx_word' id='word_1_349' title='bbox 592 3915 705 3984; x_wconf 83' lang='lat' dir='ltr'><strong>accepit,</strong></span> <span class='ocrx_word' id='word_1_350' title='bbox 724 3914 759 3968; x_wconf 85' lang='lat' dir='ltr'><strong>cf.</strong></span> <span class='ocrx_word' id='word_1_351' title='bbox 778 3914 862 3970; x_wconf 86' lang='lat' dir='ltr'><strong>Furia</strong></span> <span class='ocrx_word' id='word_1_352' title='bbox 879 3914 941 3970; x_wconf 88' lang='lat' dir='ltr'><strong>Aes.</strong></span> <span class='ocrx_word' id='word_1_353' title='bbox 951 3916 977 3969; x_wconf 90' lang='lat' dir='ltr'><strong>ll</strong></span> <span class='ocrx_word' id='word_1_354' title='bbox 990 3916 1051 3972; x_wconf 90' lang='lat' dir='ltr'><strong>adn.</strong></span> <span class='ocrx_word' id='word_1_355' title='bbox 1064 3933 1089 3986; x_wconf 91' lang='lat' dir='ltr'><strong>p.</strong></span> <span class='ocrx_word' id='word_1_356' title='bbox 1100 3921 1132 3970; x_wconf 80' lang='lat'><strong>59</strong></span> <span class='ocrx_word' id='word_1_357' title='bbox 1152 3921 1179 3971; x_wconf 89' lang='lat' dir='ltr'><strong>et</strong></span> <span class='ocrx_word' id='word_1_358' title='bbox 1195 3915 1284 3971; x_wconf 86' lang='lat' dir='ltr'><strong>Rohd.</strong></span> <span class='ocrx_word' id='word_1_359' title='bbox 1302 3914 1377 3970; x_wconf 90' lang='lat' dir='ltr'><strong>Rom.</strong></span> 
     </span>
     <span class='ocr_line' id='line_1_38' title="bbox 232 3998 1377 4073; baseline 0 -17"><span class='ocrx_word' id='word_1_360' title='bbox 232 4019 258 4072; x_wconf 90' lang='lat' dir='ltr'><strong>p.</strong></span> <span class='ocrx_word' id='word_1_361' title='bbox 270 4009 332 4058; x_wconf 64' lang='grc' dir='ltr'><em>σάοι</em></span> <span class='ocrx_word' id='word_1_362' title='bbox 352 4002 423 4073; x_wconf 90' lang='lat' dir='ltr'><strong>quod</strong></span> <span class='ocrx_word' id='word_1_363' title='bbox 440 4003 521 4073; x_wconf 86' lang='lat' dir='ltr'><strong>plane</strong></span> <span class='ocrx_word' id='word_1_364' title='bbox 540 4001 675 4069; x_wconf 83' lang='lat' dir='ltr'><strong>singulare</strong></span> <span class='ocrx_word' id='word_1_365' title='bbox 691 4002 741 4054; x_wconf 88' lang='lat' dir='ltr'><strong>est.</strong></span> <span class='ocrx_word' id='word_1_366' title='bbox 769 3998 829 4054; x_wconf 89' lang='lat' dir='ltr'><strong>Hoc</strong></span> <span class='ocrx_word' id='word_1_367' title='bbox 847 3998 908 4055; x_wconf 89' lang='lat' dir='ltr'><strong>loco</strong></span> <span class='ocrx_word' id='word_1_368' title='bbox 926 4001 959 4056; x_wconf 90' lang='lat' dir='ltr'><strong>de</strong></span> <span class='ocrx_word' id='word_1_369' title='bbox 977 4017 1032 4056; x_wconf 90' lang='lat' dir='ltr'><strong>uno</strong></span> <span class='ocrx_word' id='word_1_370' title='bbox 1051 4003 1130 4072; x_wconf 89' lang='lat' dir='ltr'><strong>cippo</strong></span> <span class='ocrx_word' id='word_1_371' title='bbox 1149 3999 1296 4070; x_wconf 88' lang='lat' dir='ltr'><strong>sepulcrali</strong></span> <span class='ocrx_word' id='word_1_372' title='bbox 1309 3999 1377 4068; x_wconf 83' lang='lat' dir='ltr'><strong>eogi-</strong></span> 
     </span>
     <span class='ocr_line' id='line_1_39' title="bbox 231 4081 1378 4160; baseline -0.003 -18"><span class='ocrx_word' id='word_1_373' title='bbox 231 4087 343 4142; x_wconf 86' lang='lat' dir='ltr'><strong>tandum</strong></span> <span class='ocrx_word' id='word_1_374' title='bbox 361 4103 420 4143; x_wconf 89' lang='lat' dir='ltr'><strong>esse</strong></span> <span class='ocrx_word' id='word_1_375' title='bbox 437 4092 466 4144; x_wconf 87' lang='lat' dir='ltr'><strong>et</strong></span> <span class='ocrx_word' id='word_1_376' title='bbox 482 4090 513 4140; x_wconf 74' lang='lat' dir='ltr'><strong>av</strong></span> <span class='ocrx_word' id='word_1_377' title='bbox 530 4088 564 4160; x_wconf 80' lang='grc' dir='ltr'><strong>τῇ</strong></span> <span class='ocrx_word' id='word_1_378' title='bbox 583 4081 639 4155; x_wconf 78' lang='grc' dir='ltr'><strong>ὁδῷ</strong></span> <span class='ocrx_word' id='word_1_379' title='bbox 658 4086 741 4142; x_wconf 88' lang='lat' dir='ltr'><strong>uerba</strong></span> <span class='ocrx_word' id='word_1_380' title='bbox 759 4089 786 4140; x_wconf 90' lang='lat' dir='ltr'><strong>et</strong></span> <span class='ocrx_word' id='word_1_381' title='bbox 803 4085 904 4140; x_wconf 88' lang='lat' dir='ltr'><strong>Auiani</strong></span> <span class='ocrx_word' id='word_1_382' title='bbox 922 4089 974 4152; x_wconf 75' lang='lat'><strong>(24,</strong></span> <span class='ocrx_word' id='word_1_383' title='bbox 993 4093 1009 4142; x_wconf 78' lang='grc'>4</span> <span class='ocrx_word' id='word_1_384' title='bbox 1027 4087 1100 4142; x_wconf 88' lang='lat' dir='ltr'><strong>edita</strong></span> <span class='ocrx_word' id='word_1_385' title='bbox 1118 4102 1178 4142; x_wconf 87' lang='lat' dir='ltr'><strong>cum</strong></span> <span class='ocrx_word' id='word_1_386' title='bbox 1197 4085 1273 4155; x_wconf 73' lang='lat' dir='ltr'><strong>signo</strong></span> <span class='ocrx_word' id='word_1_387' title='bbox 1285 4126 1291 4139; x_wconf 90' lang='lat'>.</span> <span class='ocrx_word' id='word_1_388' title='bbox 1304 4099 1378 4140; x_wconf 85' lang='lat' dir='ltr'><strong>..se-</strong></span> 
     </span>
    </p>
   </div>
   <div class='ocr_carea' id='block_1_4' title="bbox 0 0 1472 4690">
    <p class='ocr_par' dir='ltr' id='par_1_9' title="bbox 0 0 1472 4690">
     <span class='ocr_line' id='line_1_40' title="bbox 0 0 1472 4690; baseline 0 0"><span class='ocrx_word' id='word_1_389' title='bbox 0 0 1472 4690; x_wconf 95' lang='lat' dir='ltr'><strong> </strong></span> 
     </span>
    </p>
   </div>
  </div>
 </body>
</html>
