2938 4688
529 299 563 354 de
580 298 674 354 Babrii
691 301 789 355 aetate.
1177 297 1237 359 175

76 474 234 544 uersibus
257 494 354 540 unum
371 473 566 540 tribrachum
583 468 649 556 (51,
668 474 720 559 18)
743 490 903 555 unumque
925 471 1090 560 dactylum
1104 470 1169 556 (58,
1186 472 1238 557 4);

79 577 268 660 cademque
296 576 410 643 Licinii
440 575 532 643 Calui
558 574 618 641 fuit
647 594 699 641 ars
722 574 853 656 (Catull.
876 575 984 642 Mucll.
1014 594 1045 660 p.
1069 577 1126 657 81,
1151 578 1182 651 3)
1207 578 1240 640 01

79 680 223 765 Vergilii
242 678 399 762 Catalept.
418 678 458 744 Π.
473 677 533 743 VII
556 676 608 756 (cf.
632 677 803 743 Ribbeokii
824 678 917 761 proll.
939 699 970 762 p.
990 681 1018 743 6.
1045 678 1106 763 11),
1130 677 1184 760 qui
1205 677 1239 743 in

79 782 235 850 uersibus
265 783 398 846 100010
427 780 549 848 nullum
571 778 699 846 omnino
728 779 844 865 pedem
874 779 1076 865 trisyllabum
1104 779 1239 844 adhibu-

79 891 180 952 erunt
191 883 226 967 1).
270 883 361 947 Haeo
394 887 500 947 autem
532 881 661 948 uincula
692 881 913 950 Alexandrina
950 883 1061 948 laxata
1092 880 1240 948 uidentur

79 985 193 1053 medio
216 984 318 1071 primo
342 1005 373 1069 p.
391 983 463 1050 Chr.
479 1003 508 1048 n.
532 985 671 1068 saeculo,
693 1005 768 1050 nam
790 985 958 1053 Petronius
981 991 1014 1052 et
1029 983 1162 1050 Persius
1180 983 1240 1050 etsi

79 1108 177 1156 arses
199 1086 287 1153 haud
310 1105 407 1171 saepe
429 1084 592 1152 soluerunt
621 1086 719 1169 (Petr.
742 1088 775 1152 in
798 1087 903 1171 capite
925 1088 953 1154 V
975 1106 1126 1153 uersuum
1150 1089 1168 1151 8
1190 1105 1238 1152 00-

79 1192 168 1274 mel,
199 1188 327 1257 Persius
349 1187 381 1252 in
405 1187 538 1272 prologo
563 1192 601 1251 14
624 1207 774 1256 uersuum
796 1188 870 1272 bis),
899 1196 1008 1257 tamen
1030 1195 1240 1274 anapaestum

81 1292 180 1376 quasi
202 1291 347 1377 legitima
368 1290 497 1357 licentia
518 1290 612 1373 primi
635 1291 776 1358 omnium
802 1290 835 1356 in
858 1310 969 1358 uersus
991 1291 1117 1358 initium
1138 1289 1239 1355 admi-

83 1400 201 1462 serunt
224 1394 321 1476 (Petr.
345 1397 405 1459 sat.
428 1399 456 1476 5,
474 1395 492 1457 8
515 1392 645 1466 sedeat!
660 1392 852 1477 redemptus,
875 1394 962 1460 Pers.
978 1393 1058 1478 prol.
1077 1391 1240 1460 amemini

81 1504 137 1580 011,
165 1501 185 1562 6
208 1495 498 1578 Helicolnidasque‚
523 1498 541 1560 8
564 1493 739 1577 hederael).
783 1495 888 1577 Atque
910 1495 1085 1563 notandum
1108 1499 1156 1562 est
1178 1496 1239 1562 hoc

83 1598 158 1684 ipso
183 1606 327 1682 tempore
344 1597 492 1664 Caesium
508 1596 644 1662 Bassum
659 1597 760 1664 Persii
782 1599 934 1682 amioum,
958 1597 1013 1680 qui
1034 1597 1149 1663 satiras
1171 1597 1239 1663 eius

84 1701 193 1767 edidit
215 1702 482 1786 imperfectusque
503 1697 690 1784 perpoliuit,
720 1699 798 1766 artis
820 1698 971 1766 metricae
993 1701 1133 1767 rationes
1156 1719 1238 1766 com-

83 1803 285 1869 mentatione
314 1802 444 1887 egregia
475 1801 677 1885 exposuisse,
707 1802 796 1869 cuius
823 1802 857 1868 in
887 1801 1024 1869 exilibus
1053 1800 1240 1886 fragmentis

82 1903 233 1987 (gramm.
250 1907 319 1971 Lat.
335 1905 380 1970 VI
395 1925 426 1988 p.
443 1907 502 1966 157
517 1921 587 1985 sqq·
602 1902 657 1986 Κ.)
681 1902 722 1970 de
744 1903 815 1987 ipso
830 1905 1051 1988 Hipponacteo
1065 1925 1096 1990 p.
1113 1906 1173 1968 157
1191 1920 1239 1984 sq.

83 2008 167 2074 satis
190 2009 338 2073 accurate
361 2006 475 2089 agitur.
521 2002 585 2071 Sed
608 2003 649 2070 ad
672 2025 828 2072 summam
856 2005 1038 2072 libertatem
1067 2024 1239 2071 summum-

86 2129 150 2191 que
173 2107 283 2175 florem
306 2107 506 2174 choliambus
536 2113 666 2174 euectus
694 2114 743 2174 est
765 2113 900 2174 exeunte
926 2106 982 2174 illo
1006 2109 1134 2174 saeculo
1157 2107 1239 2173 Mar-

84 2211 175 2277 tialis
197 2209 413 2296 potissimum,
444 2216 479 2275 ut
501 2207 645 2294 uidetur,
675 2229 773 2294 opera
803 2215 834 2275 et
855 2209 1000 2295 ingenio,
1034 2209 1089 2292 qui
1111 2214 1142 2275 01
1164 2228 1239 2275 000-

83 2313 210 2399 paestis
235 2310 379 2395 plurimis
403 2311 436 2376 in
462 2310 597 2395 primum
621 2311 737 2396 pedem
762 2312 897 2397 receptis
924 2311 968 2395 (Ι,
995 2317 1049 2395 10,
1076 2316 1104 2378 1.
1132 2314 1238 2393 66,1.

85 2419 140 2499 77,
160 2419 190 2481 3.
207 2419 257 2500 96,
274 2418 303 2479 7.
330 2419 476 2498 11313
495 2413 568 2496 010.)
593 2420 625 2480 01
647 2414 772 2480 arsibus
794 2414 905 2480 solutis
927 2414 960 2478 in
983 2433 1092 2480 omnes
1114 2419 1240 2498 praeter

87 2517 235 2599 quintum
264 2520 296 2579 et
323 2523 448 2582 sextum
478 2517 595 2600 ubique
625 2515 774 2581 admissis
805 2514 851 2596 (in
876 2515 971 2600 primi
995 2515 1069 2581 libri
1091 2534 1149 2581 sex
1172 2535 1237 2581 car·

85 2619 228 2684 minibus
260 2616 478 2684 choliambicis
511 2638 658 2684 uersuum
694 2617 748 2684 uix
783 2622 822 2683 50
852 2618 998 2702 dactylos
1026 2615 1168 2684 inuenies
1200 2621 1237 2680 11

87 2720 269 2786 tribrachos
286 2718 318 2804 8)
341 2720 440 2785 multo
462 2720 627 2787 laetiorem
651 2719 840 2786 uiuidiorem
857 2719 1044 2788 alacriorem
1067 2741 1137 2787 eum
1153 2718 1238 2786 fecit.

14 2843 18 2850 ·
85 2823 342 2907 Hipponacteum
366 2827 471 2887 autem
495 2821 541 2886 ita
562 2827 719 2888 mutatum
749 2820 826 2887 satis
856 2823 1043 2905 popularem
1065 2821 1240 2906 posteriorc

86 2943 217 3006 quoque
239 2928 381 3008 tempore
404 2922 490 3008 apud
517 2925 677 2992 Romanos
699 2923 854 2992 mansisse
877 2923 1001 3009 lapides
1023 2923 1167 2990 nonnulli
1193 2930 1238 2989 te-

85 3031 213 3092 stantur
235 3045 255 3090 a
277 3025 474 3094 Buechelero
496 3027 576 3093 Mus.
599 3027 699 3093 Rhen.
722 3027 847 3092 XXVII
868 3047 899 3112 p.
920 3031 979 3090 142
995 3046 1042 3108 sq.
1059 3033 1091 3093 et
1111 3026 1239 3091 XXXII

84 3150 116 3213 p.
142 3131 204 3192 479
221 3145 268 3208 sq.
293 3129 439 3194 enarrati.
483 3129 521 3192 In
552 3129 690 3194 carmine
724 3128 808 3194 enim
837 3126 907 3193 clv
937 3135 1060 3213 septem
1089 3146 1239 3194 uersuum

86 3229 247 3296 Hadriani
262 3235 368 3295 aetate
385 3235 533 3297 contexto
551 3230 601 3296 bis
616 3236 808 3314 anapaestus
823 3227 856 3293 in
871 3228 974 3312 primo
991 3230 1074 3314 pede
1091 3231 1134 3313 (u.
1155 3235 1180 3296 1.
1194 3228 1239 3314 3),

86 3331 191 3398 semel
212 3332 266 3398 uel
289 3332 339 3398 his
361 3331 441 3399 arsis
463 3333 568 3399 soluta
584 3330 628 3416 (u.
646 3330 679 3415 7)
701 3329 869 3415 inuenitur,
892 3331 925 3396 in
946 3332 1153 3416 inscriptione
1175 3332 1239 3399 An-

86 3435 200 3500 tonino
223 3433 280 3500 Pio
303 3434 480 3518 imperante
502 3439 656 3520 concepta
684 3433 717 3500 in
744 3432 845 3499 trihus
873 3432 1020 3500 uersibus
1042 3434 1141 3502 semel
1164 3454 1238 3500 ana-

85 3542 219 3621 paestus
244 3538 275 3599 et
297 3536 434 3603 fortasse
457 3538 556 3605 semel
578 3537 660 3604 arsis
682 3531 881 3620 001010(0.1
899 3542 930 3603 01
948 3541 966 3602 3
984 3535 1077 3619 extr.)
1100 3537 1133 3602 in
1149 3541 1238 3618 quat-

86 3721 137 3774 000
155 3713 348 3788 inueniturque
364 3720 393 3773 in
411 3721 471 3776 loco
491 3721 630 3791 ceteroqui
647 3722 744 3791 parum
761 3737 905 3776 numeroso
926 3735 1013 3789 neque
1032 3721 1067 3775 ab
1080 3723 1238 3788 argumento

84 3805 150 3859 huic
174 3805 266 3873 poesis
288 3805 380 3872 generi
405 3806 472 3861 satis
495 3807 563 3860 hene
580 3804 765 3860 conueniente.
802 3805 891 3873 Quare
909 3804 993 3859 altero
1011 3805 1071 3858 loco
1089 3803 1241 3858 Buecheler

85 3888 119 3942 fr.
142 3895 202 3954 101,
227 3890 313 3944 altero
336 3891 364 3945 et
381 3890 531 3960 Buecheler
554 3890 587 3945 ir.
606 3895 655 3945 313
674 3895 702 3946 01
718 3889 826 3946 Riesius
844 3908 870 3960 p.
890 3893 939 3943 114
957 3889 1105 3943 orationem
1123 3888 1240 3944 solutam

86 3975 270 4030 restituerunt.

176 4063 199 4126 1)
217 4058 352 4128 Quattuor
370 4060 495 4130 anonymi
514 4060 680 4116 choliambos
700 4057 796 4115 catull.
806 4056 897 4112 Muell.
906 4074 934 4126 p.
944 4061 978 4112 94
995 4072 1049 4112 nou
1067 4072 1142 4115 curo.

982 4160 1035 4214 12*
