2934 4690
244 295 305 356 234
695 325 698 329 ·
724 296 788 353 Otto
806 297 918 355 Orusius

246 471 286 538 de
301 471 334 536 la
348 469 462 554 sculpt.
479 475 543 536 ant.
560 473 600 534 24
615 490 645 553 p.
665 467 725 553 58).
762 471 799 534 Iu
820 470 910 536 illum
933 475 1039 538 autem
1058 490 1195 537 errorem
1219 471 1306 538 haud
1327 473 1399 540 scio

244 594 285 640 an
300 579 399 657 poeta
413 571 511 639 etiam
525 570 656 637 fabulae
676 575 712 634 15
736 576 922 655 argumento
944 570 1092 639 inductus
1111 573 1162 658 sit,
1183 573 1217 639 in
1232 594 1294 657 qua
1309 573 1396 639 The·
1464 581 1465 640 3

243 677 346 743 banus
368 674 539 742 Herculem
562 673 686 758 patriae
714 693 791 739 suae
819 672 948 740 heroem
977 674 1085 741 nimiis
1114 672 1263 742 laudibus
1292 675 1398 742 effert.
1464 699 1465 750 f

243 778 308 846 Sed
337 777 370 844 in
399 775 492 842 huius
519 774 619 860 ipsius
648 794 776 842 uersum
799 779 817 836 5
847 775 950 842 simile
979 775 1090 843 uitium
1113 775 1248 843 Babrius
1275 775 1397 860 intulit,

243 901 313 948 oum
335 879 427 946 dicit:
720 959 724 966 ¹
1464 877 1465 958 l

395 979 489 1056 τέλος
512 971 542 1043 δ’
569 973 586 1044 ὁ
610 978 670 1061 μὲν
695 982 842 1066 Θηβαῖος
864 975 936 1044 οἷὸν
954 970 1135 1066 Ἀλκμήνης
1464 983 1465 996 ’

326 1109 329 1115 ’
392 1085 546 1166 μέγιστον
570 1072 708 1168 ἀνδρῶν,
733 1078 791 1146 σὺν
815 1080 927 1145 δὲκαὶ
949 1083 1042 1146 θεῶν
1064 1073 1195 1166 bpcustl)
1217 1117 1259 1125 -
1464 1155 1465 1174 η

242 1207 315 1253 nam
331 1184 402 1268 quis
418 1183 559 1251 Graecus
575 1182 723 1265 antiquus
739 1218 780 1229 —
798 1184 924 1250 etiamsi
939 1183 1113 1250 Thebanus
1136 1187 1185 1251 est
1207 1203 1278 1248 cnm
1292 1181 1394 1250 Athe·
1464 1197 1465 1236 t

240 1288 345 1356 niensi
367 1286 407 1352 de
429 1286 561 1352 heroum
583 1284 700 1351 uirtute
722 1289 848 1352 certans
869 1322 911 1332 -
933 1284 1105 1352 Herculem
1131 1284 1263 1352 deorum
1291 1285 1395 1350 maxi·
1464 1287 1465 1312 ¹

241 1411 327 1457 mum
348 1386 534 1470 nominabit,
558 1386 711 1454 maiorem
733 1386 855 1453 seilicet
878 1405 974 1468 quam
996 1389 1107 1453 Iouem
1128 1388 1275 1472 patrem?
1464 1449 1465 1496 η

327 1491 420 1559 Certe
435 1491 516 1556 haee
531 1489 639 1556 omnia
660 1487 823 1572 scriptoris
845 1493 918 1556 sunt
939 1487 972 1555 in
993 1508 1071 1556 uera
1092 1489 1281 1572 antiquitate
1302 1509 1393 1572 pere·
1464 1505 1465 1540 l

239 1594 331 1678 grini.
361 1591 437 1660 Sed
460 1590 534 1656 aliis
556 1589 683 1657 indiciis
704 1610 808 1658 nouae
830 1591 947 1658 aetatis
968 1590 1130 1676 ingenium
1153 1592 1225 1676 plus
1247 1591 1394 1657 minusue
1464 1597 1465 1666 ἶ

240 1698 336 1784 plane
357 1698 493 1762 notatur.
532 1691 608 1758 Sine
630 1692 748 1759 idonea
770 1691 900 1776 quidem
923 1712 1021 1760 causa
1041 1694 1074 1758 in
1089 1695 1166 1761 Ioue
1187 1693 1317 1759 fabulae
1341 1695 1392 1775 68,

241 1798 294 1882 qui
310 1818 373 1865 nno
389 1795 490 1882 gradu
507 1793 549 1860 ab
565 1791 703 1877 Olympo
719 1793 809 1860 uadit
824 1793 867 1859 ad
883 1795 1027 1863 ultimum
1050 1796 1161 1863 mundi
1182 1793 1287 1877 finem,
1310 1793 1391 1858 Har-

239 1899 366 1984 turgius
382 1919 411 1983 p.
429 1902 466 1960 14
480 1896 672 1962 Iudaeorum
687 1895 840 1962 Iehouam
860 1897 991 1980 agnouit
1001 1895 1045 1981 2);
1067 1917 1142 1964 nam
1158 1897 1186 1964 si
1201 1894 1279 1979 quid
1293 1895 1392 1962 alieni

238 2001 295 2067 illo
317 2000 415 2066 habet
436 1999 537 2072 multo
558 1998 671 2066 melius
693 1999 736 2064 ad
758 1997 968 2083 Orphioorum
990 2001 1060 2064 Δία
1080 2001 1181 2063 Πᾶνα
1202 1998 1390 2082 prouooubi-

240 2123 319 2186 mus,
343 2103 383 2169 dc
407 2120 469 2184 quo
492 2099 590 2183 Orph.
614 2101 721 2184 hymn.
744 2101 779 2166 fr.
805 2103 854 2182 28,
871 2103 911 2164 35
926 2120 989 2183 sq.:
1464 2101 1465 2104 ’

507 2205 666 2287 πτέρυγες
689 2200 724 2265 δὲ
747 2201 780 2266 oi
805 2199 982 2287 ἐξεφύοντο

303 2308 361 2390 τῇς
385 2301 443 2368 ἐπὶ
465 2301 579 2367 πάντα
601 2294 745 2367 caroffi
770 2301 839 2390 ἱερὴ
865 2303 901 2368 δέ
924 2303 956 2369 οἱ
979 2301 1098 2368 ἔπλετο
1123 2300 1219 2389 νηδὺς

302 2403 381 2491 γαῖά
403 2430 439 2471 τε
461 2403 652 2492 παμμήτωρ
675 2397 779 2491 ὀρέων
802 2397 833 2469 τ’
861 2402 998 2471 αἰπεινὰ
1019 2403 1145 2492 κάρηνα

302 2512 407 2596 μέσση
432 2507 468 2573 δὲ
491 2505 573 2594 ζώνη
592 2510 776 2596 ’βαροηχέος
799 2501 900 2590 οἶδμα
922 2504 1099 2594 θαλάσσης

302 2612 357 2676 καὶ
380 2607 520 2675 πόντον·
544 2607 679 2697 πυμάτη
703 2609 739 2675 δὲ
759 2607 859 2694 βάσις
878 2607 1004 2691 χθονὸς
1026 2606 1145 2674 ’ἔνδοθι
1167 2606 1255 2696 ῥίζαι
1277 2609 1347 2674 κτλ.

326 2782 350 2843 1)
368 2777 393 2830 Α
416 2776 524 2832 exhibet
546 2778 597 2831 νῦν
621 2773 651 2830 δὲ
673 2781 718 2829 καὶ
742 2774 811 2830 θεὸν
828 2773 868 2840 ὑ,;
893 2777 1059 2832 correctione
1081 2781 1156 2830 certa
1173 2775 1262 2830 Minas
1281 2776 1393 2846 scripsit
1464 2765 1465 2836 l

239 2863 327 2927 θεῶν,
345 2861 373 2915 in
392 2877 444 2930 quo
462 2863 658 2930 acquicuerunt
674 2861 798 2916 Boissou.
816 2862 926 2916 Lachm.
947 2861 1113 2916 Schneidew.
1150 2860 1204 2915 Sed
1225 2861 1318 2930 inepte
1340 2863 1392 2914 νῦν
1464 2889 1465 2910 t

239 2963 300 3003 cum
317 2945 464 3015 praeterito
484 2947 656 3014 coniungitur
674 2941 779 3014 (ὕμνει).
807 2947 922 3015 Egregie
940 2947 1022 3014 igitur
1039 2945 1160 3002 Hercher
1178 2944 1228 2998 obv
1245 2947 1391 3016 proposuit
1464 2985 1465 2994 t

238 3031 399 3086 Eberhardo
417 3031 569 3100 probatum,
589 3031 661 3100 quod
679 3047 751 3086 nunc
770 3032 944 3086 confirmatur
954 3030 1079 3085 Vaticani
1097 3034 1122 3096 9,
1137 3035 1152 3084 9
1171 3030 1286 3095 (Knoell.
1299 3031 1317 3084 l.
1332 3047 1353 3086 s.
1367 3047 1390 3086 s.
1464 3043 1465 3066 ¹

238 3121 334 3188 p.685)
351 3113 536 3183 χαλασθείσηο
550 3124 559 3186 fl
571 3112 674 3188 ῥάβδου
690 3120 808 3185 μέτωπα
826 3111 887 3169 οὖν
904 3137 940 3169 τε
959 3117 1035 3188 ῥῖνας
1052 3110 1162 3186 ἐπλήγη.
1192 3113 1295 3169 Nuberi
1312 3116 1343 3168 ἐν
1361 3112 1391 3168 δὲ

239 3207 284 3254 καὶ
301 3202 379 3254 θεῶν
399 3216 622 3256 commemorasse
640 3201 706 3266 satis
724 3201 820 3257 habeo.
1309 3259 1319 3282 ι

325 3290 350 3350 2)
369 3285 464 3340 Omnia
482 3286 538 3340 lere
550 3301 619 3355 quae
631 3285 797 3354 Hortuugius
811 3301 837 3354 p.
851 3291 881 3339 14
893 3286 1007 3355 protulit
1022 3288 1181 3354 argumenta
1199 3282 1296 3337 similia
1313 3283 1391 3338 miris
1464 3309 1465 3372 η

240 3369 378 3424 erroribus
390 3369 527 3426 nituntur:
544 3370 653 3426 fabulae
670 3375 698 3424 10
711 3385 824 3425 acumen
836 3386 889 3424 non
902 3370 1039 3440 perspexit
1053 3367 1096 3431 (cf.
1107 3386 1132 3438 p.
1144 3371 1187 3433 53)
1198 3399 1227 3407 -
1240 3367 1307 3422 (licit
1320 3367 1391 3422 enim

238 3455 347 3512 Venus:
366 3455 463 3509 marito
482 3457 529 3509 tuo
547 3455 651 3511 irascor
668 3456 781 3524 ideoque
798 3454 852 3510 feei
864 3460 895 3510 nt
906 3456 1021 3524 pulchra
1034 3455 1058 3509 ei
1070 3452 1201 3508 uidereris
1215 3470 1259 3520 -;
1278 3451 1390 3508 fabulae

240 3546 288 3595 tlt
307 3539 467 3596 sententiam
484 3540 613 3608 supponit
631 3555 700 3608 quae
717 3555 772 3594 non
787 3537 859 3595 inest
877 3569 909 3578 —
928 3538 963 3594 cl.
977 3540 1077 3594 Aesch.
1092 3539 1168 3608 Sept.
1185 3543 1233 3593 601
1253 3542 1282 3592 et
1299 3537 1389 3593 Plaut.

237 3626 308 3681 Rud.
323 3629 372 3680 305
391 3643 435 3692 —;
453 3622 508 3681 fab.
525 3628 566 3690 66,
584 3629 592 3678 l
615 3625 694 3678 Θεῶν
711 3623 875 3696 Προμηθεὺς
893 3611 926 3690 ἦν
944 3641 999 3692 τις,
1022 3619 1089 3677 ἀλλὰ
1106 3624 1166 3676 τῶν
1183 3619 1308 3693 πρώτων
1327 3638 1391 3677 cum

237 3726 292 3766 non
309 3709 485 3766 intellexisset
502 3739 535 3749 -
553 3709 585 3763 θ.
602 3729 628 3762 τ.
646 3729 692 3781 πρ.
710 3708 889 3763 Prometheus
907 3708 1012 3774 dicitur,
1031 3708 1094 3778 quia
1110 3722 1181 3762 unus
1199 3712 1294 3762 estex
1312 3707 1391 3762 Tita-

237 3795 318 3850 nibus
336 3796 370 3850 ab
389 3795 453 3849 Ioue
471 3795 565 3863 pulsis,
583 3809 646 3848 nam
663 3807 753 3848 merus
771 3809 847 3849 error
864 3794 972 3848 uidetur
985 3792 1125 3848 Bodleiani
1143 3792 1257 3864 πρῶτον
1275 3787 1390 3863 ἅνθρω-

238 3898 292 3932 πον
310 3876 440 3934 πλάττον
457 3879 638 3948 scriptura-
653 3873 715 3930 ἀλλ’
726 3873 757 3928 οὐ
775 3877 835 3930 τῶν
853 3873 975 3951 πρώτων
993 3877 1102 3946 scripsit
1115 3881 1209 3932 contra
1221 3875 1303 3930 metri
1315 3877 1389 3945 leges

236 3963 305 4018 haee
329 3964 442 4018 addens:
460 3959 525 4018 ‘und
542 3964 592 4018 wie
615 3963 725 4020 seltsum
742 3961 835 4015 nimmt
853 3961 912 4016 sich
929 3961 971 4018 oft
987 3963 1057 4016 auch
1075 3961 1148 4016 diese
1166 3959 1391 4029 Uaberlieferung

236 4047 266 4100 in
278 4045 338 4100 dem
351 4047 452 4101 Munda
464 4046 551 4102 dieses
561 4047 686 4102 Dichters
700 4061 749 4100 aus
761 4060 838 4100 wenn
850 4061 879 4100 er
892 4047 931 4102 sie
942 4045 1120 4114 wiedergiebt,
1132 4061 1155 4100 τ.
1166 4045 1198 4100 Β.
1208 4043 1278 4100 Fah.
1290 4049 1324 4100 66
1336 4086 1343 4099 .
1355 4086 1361 4098 .
1374 4037 1388 4100 .’
