2938 4688
248 329 307 392 128
727 333 790 389 Otto
809 333 920 390 drusius

245 505 383 573 Knochii
405 505 510 591 capite
532 505 564 572 ll
586 527 616 590 p.
641 511 681 570 40
710 504 880 589 intelleges
902 531 958 572 -:
987 507 1131 592 protinus
1152 508 1186 574 in
1207 507 1403 574 acerrimum

245 605 332 675 istud
354 609 580 675 sententiarum
603 607 831 675 contrariarum
854 614 1013 677 certamen
1032 630 1090 677 nos
1104 611 1287 694 inferamus,
1310 610 1404 692 quod

245 715 317 796 post
339 709 480 777 codicem
503 709 642 775 Athoum
665 731 693 776 a.
720 713 800 775 1813
823 712 987 778 inuentum
1009 713 1137 779 exarsit.

331 811 392 892 nui
414 811 534 897 primus
555 811 683 878 fabulas
705 811 827 879 Athoas
856 812 958 879 edidit
990 811 1103 897 (Paris.
1130 814 1241 900 1844),
1270 817 1321 884 Jo.
1344 816 1402 880 Fr.

245 913 562 998 Boissonadius,
586 914 738 980 Babrium
762 951 802 960 —-
825 915 876 982 cui
898 916 1061 983 Valerium
1083 938 1278 1002 praenomen
1299 918 1404 985 fuisse

245 1020 418 1098 Bergerum
447 1022 574 1084 secutus
603 1037 644 1084 ex
669 1016 834 1084 Harleiani
850 1070 856 1084 .
874 1069 881 1084 .
899 1068 906 1083 .
923 1022 1072 1104 Bop'ptoo
1096 1020 1260 1106 Bolcptoc
1291 1026 1323 1088 et
1346 1042 1401 1088 co-

246 1119 325 1186 dicis
348 1117 564 1216 AAEAAQAOU
588 1118 748 1186 concludit
770 1155 812 1164 -
834 1124 964 1204 propter
979 1115 1108 1188 ‘nomen
1130 1123 1265 1188 latinum
1287 1142 1329 1189 ex
1352 1123 1403 1188 in-

199 1216 201 1224 ’
244 1221 469 1306 scriptionibus
483 1212 599 1288 notum³
620 1221 730 1302 (Babr.
745 1244 775 1308 p.
794 1227 811 1286 2
828 1221 919 1288 adm:
943 1223 982 1288 cf.
999 1223 1121 1290 Knoch.
1137 1246 1170 1310 p.
1190 1223 1242 1308 12)
1255 1219 1402 1291 ‘natione

244 1331 277 1392 et
298 1325 409 1409 lingua
430 1323 579 1390 Latinum
602 1316 679 1391 esse'
705 1331 737 1390 et
758 1331 888 1410 propter
909 1346 1045 1411 prooem.
1065 1327 1097 1393 ll
1110 1333 1174 1393 u.1
1199 1329 1310 1410 μῦθος
1325 1331 1401 1410 μέν,

245 1411 270 1490 ὦ
295 1438 361 1492 παῖ
381 1426 547 1509 βασιλέως
564 1418 780 1513 Ἀλεξάνδρου
800 1427 979 1494 Alexandri
995 1427 1106 1495 Seueri
1128 1433 1235 1496 aetate
1250 1429 1403 1498 floruisse

245 1518 388 1596 modeste
407 1536 439 1595 et
462 1529 643 1596 dubitanter
664 1528 843 1614 suspicatur
866 1527 957 1612 (ibid.
977 1552 1007 1615 p.
1023 1531 1071 1595 Xl
1086 1531 1156 1616 sq.).
1201 1532 1304 1600 Huius
1326 1551 1402 1599 sen-

245 1631 365 1698 tentiae
391 1632 530 1714 priorem
562 1637 686 1716 partem
715 1631 864 1716 probauit
891 1632 926 1699 O.
953 1633 990 1698 F.
1016 1633 1268 1700 Hermannus
1297 1632 1402 1716 (Berl.

244 1734 378 1800 Jahrbb.
399 1734 422 1800 f.
444 1733 686 1800 wissenschaftl.
709 1733 817 1799 Kritik
842 1737 938 1818 1814,
962 1736 1115 1802 Decemb.
1130 1756 1162 1821 p.
1182 1735 1277 1820 808),
1303 1757 1402 1820 prae-

247 1835 356 1902 sertim
388 1856 460 1902 cum
488 1836 586 1902 etiam
607 1836 760 1902 sermonis
782 1835 890 1902 Latini
912 1837 1050 1920 uestigia
1073 1837 1232 1921 quaedam
1255 1875 1295 1884 -
1319 1842 1403 1906 satis

243 1939 303 2004 illa
325 1938 455 2023 quidem
477 1957 550 2004 rara
572 1937 781 2020 etinccrta1)
809 1975 849 1986 -—
876 1939 1036 2006 inuenisse
1060 1940 1122 2006 sibi
1147 1940 1322 2023 uideretur;
1356 1942 1403 2009 dc

245 2041 420 2127 posteriore
446 2040 536 2105 lenes
566 2038 724 2121 quasdam
752 2048 859 2108 mouet
888 2040 1104 2118 dubitationes
1133 2064 1163 2128 p.
1196 2045 1272 2127 811,
1308 2043 1403 2111 miris

245 2144 379 2227 argutiis
394 2140 613 2208 Alexandrum
634 2141 726 2209 illum
748 2143 903 2226 prooemii
923 2145 955 2208 ll
977 2164 1085 2210 uerum
1103 2165 1220 2211 nomen
1233 2147 1403 2232 proprium

244 2267 308 2312 non
331 2264 401 2311 esse
424 2243 603 2329 suspicatus
626 2243 684 2310 sed
708 2236 907 2342 ἀλέξᾳνόρον
933 2244 1173 2330 1111111111).

330 2347 433 2415 Aliter
448 2351 544 2428 atque
559 2344 759 2414 Hermannus
774 2346 1112 2414 Schneidewinus
1131 2349 1230 2430 (son.
1242 2352 1305 2435 gel.
1317 2352 1401 2420 Anz.

249 2454 328 2517 1815
351 2472 382 2535 p.
409 2455 422 2513 l
448 2446 550 2532 squ),
577 2449 665 2516 cuius
693 2448 846 2517 iudicium
874 2450 971 2516 ceteri
999 2448 1041 2516 ad
1071 2470 1168 2517 unum
1197 2473 1307 2519 omues
1336 2455 1403 2520 uiri

246 2553 331 2620 docti
359 2559 414 2619 aut
442 2550 637 2636 repetierunt
666 2558 722 2618 aut
750 2552 839 2620 taciti
864 2551 966 2618 secuti
987 2557 1075 2635 sunt,
1106 2574 1147 2620 ex
1169 2555 1295 2620 nomine
1317 2556 1402 2623 nihil

246 2655 398 2736 consequi
420 2651 507 2736 dicit,
531 2653 649 2739 quippe
671 2646 922 2722 cum‘Valerius'
949 2655 1130 2721 coniectura
1153 2662 1239 2722 certa
1259 2677 1323 2723 non
1345 2656 1400 2741 sit,

246 2756 357 2824 Babrii
380 2761 487 2823 autem
509 2754 628 2822 similia
649 2759 778 2825 nomina
793 2758 918 2826 Graeca
939 2759 1019 2825 satis
1034 2758 1134 2822 multa
1150 2763 1285 2842 exstent,
1309 2761 1402 2826 uelut

246 2857 360 2946 Βάβης
376 2861 506 2941 Rodiae
521 2861 658 2941 Βαβίων
673 2857 795 2944 Βάβων
811 2858 963 2947 Βάβρας;
984 2859 1201 2926 Alexandrum
1215 2878 1291 2926 uero
1307 2861 1402 2927 illum

335 3251 359 3313 1)
376 3247 437 3301 Hoc
455 3246 655 3302 concedendum
673 3251 715 3302 est
732 3247 907 3317 Bernhardyo
922 3247 967 3300 Gr.
979 3246 1009 3299 L.
1021 3244 1140 3316 s.11²p.
1152 3252 1201 3302 ’111
1212 3264 1250 3316 sq.
1261 3254 1289 3303 et
1300 3248 1400 3304 Hertz-

245 3333 337 3402 bergio
355 3349 381 3401 p.
394 3335 450 3386 119.
573 3404 576 3414 Δ

332 3422 357 3483 2)
376 3417 474 3471 Poetas
498 3417 634 3472 uocabula
657 3417 806 3486 composita
828 3431 897 3486 quae
920 3431 970 3484 pro
994 3416 1146 3470 nominibus
1164 3417 1281 3488 propriis
1300 3419 1402 3475 Graeci

248 3503 408 3558 adhiberent
426 3517 508 3571 saepe
525 3503 634 3557 notione
651 3502 779 3572 primaria
796 3518 847 3571 pro
863 3499 1004 3556 adiectiuis
1016 3501 1141 3571 posuisse
1153 3502 1304 3558 Meinekius
1317 3506 1399 3560 anall.

246 3589 324 3642 Alex.
349 3603 376 3655 p.
398 3590 445 3642 126
468 3586 606 3656 exposuit:
631 3587 679 3643 sed
700 3586 823 3656 exempla
841 3601 910 3654 quac
932 3585 1011 3640 affert
1033 3617 1068 3626 —-
1090 3587 1213 3656 inprimis
1237 3588 1309 3658 quod
1333 3590 1401 3646 citat

248 3674 418 3728 Hermannus
440 3671 520 3726 Diod.
539 3671 593 3738 XI,
615 3677 645 3726 14
667 3669 828 3742 ἀλέξανδρος
850 3667 966 3738 11611111
984 3671 1115 3740 —plane
1139 3673 1218 3728 anter
1242 3678 1402 3743 comparata

248 3766 325 3822 sunt,
345 3773 406 3811 cum
423 3755 452 3809 in
470 3756 508 3811 eis
527 3757 645 3813 dubitari
662 3773 716 3812 non
735 3756 828 3825 possit,
847 3754 1011 3811 uocabulum
1027 3755 1094 3811 illud
1113 3762 1202 3812 utrum
1219 3774 1317 3814 nomeu
1334 3776 1401 3829 pro-

248 3844 337 3912 prium
361 3841 453 3894 sitan
476 3841 649 3896 adiectiuum.
685 3841 829 3896 Praeterea
848 3839 992 3907 Rubrium,
1019 3841 1168 3910 simplicem
1189 3843 1349 3913 scriptorem
1373 3851 1401 3900 et

248 3929 365 3997 planum,
385 3927 430 3994 qui
447 3927 597 3982 imitatores
615 3941 679 3980 suos
694 3931 806 3995 propter
824 3922 944 3992 ποιήσειε
960 3932 1067 3998 γρίφοις
1084 3922 1178 3996 ὁμοίας
1190 3928 1325 3997 uituperet
1336 3945 1401 3998 pro-

249 4010 328 4069 oemii
344 4009 371 4063 ll
388 4028 413 4064 u.
437 4016 465 4064 10
483 4026 538 4079 sq.,
559 4011 649 4080 ipsum
666 4010 694 4066 111
711 4010 797 4081 primo
816 4011 935 4066 eiusdem
952 4011 1084 4080 prooemii
1101 4027 1184 4066 uersu
1203 4028 1326 4068 sermone
1344 4019 1400 4070 tam

251 4099 375 4153 contorto
393 4101 421 4150 et
438 4094 550 4165 ancipiti
567 4110 684 4164 uereque
701 4101 806 4168 γρίφοις
824 4091 909 4165 ὁμοίῳ
928 4111 1006 4152 usum
1025 4112 1084 4152 esse
1102 4097 1162 4166 quis
1181 4099 1291 4154 credet?
