2934 4690
251 320 312 384 198
730 330 794 385 Otto
813 331 923 386 drusius

249 497 342 565 limos
364 496 496 564 Luciani
518 499 605 567 locos
621 501 836 569 Zachariaeus
858 503 953 570 affert
973 502 995 569 l.
1011 522 1036 569 s.
1053 522 1078 570 s.
1096 522 1127 586 p.
1148 508 1195 588 10,
1218 506 1308 572 uelut
1330 506 1398 591 Iup.

247 602 343 686 Trag.
368 606 407 666 45
435 605 470 666 τί
493 592 521 665 δ’
555 586 626 683 οὖν,
657 587 683 667 ὦ
712 606 794 685 Ζεῦ,
827 596 992 692 ὠχρίακας
1019 600 1098 692 ἡμῖν
1126 607 1183 671 καὶ
1211 621 1400 694 συγκροτεῖς

246 702 324 779 τοὺς
345 695 485 779 ὀδόντας
507 698 573 768 ὑπὸ
596 707 656 769 τοῦ
677 703 811 792 τρόμου,
840 706 878 772 cf.
901 712 1069 792 practerea
1091 706 1166 776 dial.
1190 709 1276 776 deor.
1301 713 1351 794 20,
1369 714 1398 777 7.

247 824 369 889 peregr.
387 809 436 871 33.
460 805 584 872 conuiu.
601 810 650 873 29.

331 909 382 991 93,
395 912 413 971 5
428 903 523 995 μτορὴ
540 907 576 974 δὲ
590 914 716 997 ποίμνη
732 911 787 976 καὶ
802 906 844 974 τὰ
859 907 973 976 πάντα
985 909 1185 999 βληχώδης
1200 911 1252 979 SA
1270 911 1399 979 minutis

247 1008 438 1092 quibusdam
460 1008 602 1093 satisque
624 1013 744 1096 apertis
767 1013 927 1081 erroribus
942 1011 1068 1080 omissis
1084 1011 1115 1096 ¹).
1153 1011 1325 1103 βληχώδης
1340 1016 1397 1082 ad·

243 1110 394 1178 iectiuum
423 1111 544 1196 primus
573 1111 722 1180 adhibuit
742 1115 873 1183 Polemo
902 1115 1070 1200 physiogn.
1093 1136 1123 1200 p.
1148 1119 1209 1178 252
1240 1109 1299 1204 ἠχὴ
1325 1169 1331 1183 .
1358 1168 1397 1184 ..

244 1213 510 1301 βληχοδεοτέρας
540 1215 756 1283 testimonium
786 1216 921 1285 alterum
942 1253 985 1264 -
1006 1217 1117 1301 paullo
1143 1224 1177 1284 ut
1199 1217 1326 1285 uidetur
1347 1240 1395 1286 re·

244 1317 428 1383 centius-
451 1323 501 1383 est
522 1318 689 1386 constitut.
712 1319 822 1402 Apost.
846 1317 913 1386 dot.
936 1340 968 1404 p.
991 1324 1053 1386 423
1078 1332 1150 1397 τοῖς
1171 1323 1397 1404 νωθεστέροτς

243 1420 299 1484 καὶ
319 1417 514 1506 βληχτόδεοι.

328 1524 385 1606 95,
409 1525 450 1588 90
479 1523 562 1589 λέων
589 1521 649 1606 μὲν
678 1514 779 1599 αὐτὸς
808 1516 873 1603 εἶχε
904 1521 1028 1589 δαῖτα
1056 1527 1300 1611 πανθοίνην
1331 1524 1394 1591 SA.

243 1622 433 1701 οτάνδοινος
461 1625 560 1692 semel
588 1633 755 1710 praeterea
785 1632 892 1692 exstat
921 1625 1008 1710 apud
1037 1625 1218 1712 Oppianum
1248 1627 1322 1694 Hal.
1352 1628 1393 1710 ΙΙ,

243 1729 301 1790 221
332 1717 415 1814 μηδ’
443 1723 500 1792 ἐπὶ
528 1731 751 1793 πανδοίνοισι
779 1724 856 1792 νόον
883 1729 1043 1814 τέρποιτο
1068 1727 1266 1815 τραπέζαις,
1289 1748 1394 1812 neque

328 1967 352 2027 i)
370 1964 394 2016 A
412 1962 540 2032 praebet:
563 1961 641 2036 μωρὰ
661 1960 691 2016 δὲ
708 1967 811 2030 ποίμνη
829 1965 874 2014 καὶ
892 1959 926 2013 τὰ
944 1957 1031 2015 πάντ’
1051 1959 1227 2036 ἆβληχρῶδητ
1249 1964 1310 2030 (sed
1327 1980 1392 2035 apo·
1458 1995 1459 2002 ν

132 2097 139 2108 ,
241 2048 370 2118 strophus
393 2053 420 2103 et
442 2047 553 2118 spiritus
577 2049 676 2104 adiecti
699 2053 763 2104 sunt
779 2062 862 2101 manu
879 2046 1054 2114 recentiore),
1076 2047 1108 2102 S:
1133 2047 1225 2122 μωρὸς
1242 2046 1273 2102 δὲ
1290 2056 1392 2118 τιοίμην
1458 2101 1459 2120 ,

241 2132 342 2187 καὶτὰ
367 2131 458 2188 πάντα
482 2131 630 2202 βληχώδητ.
665 2132 862 2189 Boissonadius
886 2132 986 2187 codicis
1008 2131 1034 2185 Δ
1057 2132 1220 2202 scripturam
1245 2138 1340 2190 seruat
1366 2143 1391 2190 et
1458 2129 1459 2204 1

242 2219 342 2274 Suidae
364 2220 448 2272 uerba
465 2213 509 2272 ‘ad
532 2220 715 2274 recensionem
738 2218 818 2272 aliam
841 2213 989 2286 pertinere²
1009 2221 1089 2286 putat
1106 2213 1229 2287 ‘eamque
1246 2221 1389 2284 meliorem,

240 2304 268 2357 in
292 2318 345 2372 qua
366 2302 468 2356 fuerint
491 2304 615 2374 opilionis
638 2297 754 2373 partes’;
780 2302 872 2356 similis
890 2301 1050 2371 Hertzbergi
1074 2309 1117 2357 est
1134 2307 1269 2360 sententia
1286 2322 1314 2374 p.
1335 2311 1389 2370 209,

178 2459 181 2465 ⁴
240 2389 293 2445 nisi
311 2388 383 2457 quod
400 2389 518 2444 Athoam
536 2383 742 2443 ‘recensionem'
762 2403 812 2457 pro
831 2386 1002 2456 opinionibus
1019 2405 1047 2457 p.
1064 2393 1109 2443 191
1130 2390 1261 2459 expositis
1279 2391 1389 2444 alteram

240 2475 429 2543 melioremque
452 2489 511 2528 esse
533 2480 632 2529 censet.
668 2473 721 2528 Sed
744 2473 773 2527 in
794 2487 827 2527 ea
844 2476 967 2540 quamn
984 2473 1069 2528 habet
1084 2473 1194 2529 fabulae
1210 2474 1299 2529 forma
1316 2476 1388 2530 nullo

240 2560 349 2615 omnino
372 2559 451 2614 modo
476 2558 557 2628 opilio
583 2574 664 2614 canes
684 2559 790 2613 mittere
807 2562 912 2628 potest,
931 2558 965 2612 cf.
983 2574 1009 2611 u.
1030 2563 1039 2612 1
1060 2559 1096 2611 εἰς
1114 2564 1248 2627 ποίμνην,
1277 2567 1290 2613 1
1308 2561 1388 2630 κριὸς,
1457 2607 1458 2628 ,

241 2650 255 2698 9
273 2641 348 2699 dato:
374 2645 462 2712 quode
479 2644 582 2698 errauit
599 2643 710 2699 Hertzb.
722 2644 739 2697 l.
757 2659 778 2698 s.
798 2659 818 2698 s.
854 2644 950 2712 Itaque
968 2642 1112 2698 uniuersae
1128 2644 1237 2699 fabulae
1255 2647 1386 2701 recensio-

239 2745 301 2785 nem
323 2731 405 2799 plane
428 2730 562 2785 diuersam
585 2729 635 2783 tibi
659 2729 744 2798 fingas
766 2743 875 2783 necesse
893 2731 947 2796 est,
970 2728 998 2782 in
1015 2744 1069 2797 qua
1087 2729 1122 2782 ad
1139 2729 1227 2797 ipsum
1246 2731 1387 2799 opilionem

238 2815 296 2884 lupi
310 2815 417 2870 nuntios
430 2815 552 2869 miserint
561 2815 679 2884 (qualern
690 2814 774 2868 habet
782 2812 868 2879 Pauli,
877 2808 1010 2883 ‘Schimpf
1017 2814 1072 2869 und
1082 2811 1177 2869 Ernst’
1190 2819 1238 2869 441
1250 2816 1385 2882 Oesterl.):

239 2900 298 2972 ipso
317 2906 406 2954 autem
425 2905 582 2967 argumento
600 2898 723 2953 funditus
741 2903 844 2954 mutato
864 2899 931 2954 duos
948 2898 1009 2954 illos
1028 2899 1178 2954 uersiculos
1202 2905 1310 2970 poetam
1334 2904 1387 2954 tarn

240 2986 318 3042 anxie
340 2988 511 3041 seruaturum
532 2983 617 3039 fuisse
640 2985 700 3052 quis
725 2985 833 3039 credet?
865 2984 981 3039 Accedit
998 2985 1070 3054 quod
1087 2999 1175 3052 neque
1192 2985 1220 3039 in
1238 2986 1385 3055 paraphra-

239 3072 314 3128 sibus
332 3070 363 3124 F.
377 3074 469 3125 304=
479 3069 508 3123 Ο.
520 3072 569 3123 238
579 3095 612 3116 ==
622 3069 699 3124 Bodl.
714 3069 755 3124 ed.
772 3069 878 3124 Knoell.
890 3074 922 3124 811
941 3069 1024 3138 opilio
1041 3069 1071 3123 in
1088 3085 1215 3124 scaenam
1231 3070 1324 3139 prodit
1340 3085 1385 3123 ne-

239 3173 291 3226 que
309 3157 337 3210 in
356 3162 484 3226 quattuor
500 3153 602 3208 fabulis
620 3152 713 3208 similis
732 3155 881 3222 argumenti
899 3154 986 3208 (1191
1005 3154 1047 3213 111.
1059 3157 1127 3220 1681.
1163 3154 1252 3223 Quare
1270 3153 1385 3210 dubitari

152 3263 155 3268 ¹
239 3242 331 3311 nequit
348 3241 413 3310 quin
430 3241 524 3309 inepta
542 3239 641 3294 Suidae
659 3240 743 3294 uerba
761 3255 795 3294 ex
814 3241 898 3294 Athoi
915 3239 1061 3308 aptissimis
1079 3245 1208 3309 corrupta
1225 3237 1384 3310 τὶο11μορὰ

238 3325 269 3381 δὲ
286 3333 400 3395 ποίμνηι
418 3347 446 3394 p.
457 3322 487 3378 δὲ
504 3331 608 3393 τιοίμην
624 3341 729 3380 errore:
748 3323 839 3397 μωρὸς
857 3322 887 3378 δὲ
899 3330 1001 3393 τιοίμην
1014 3328 1187 3388 correctura).
1216 3326 1306 3394 Atque
1317 3324 1385 3379 siout

239 3411 421 3481 discrepantia
443 3412 472 3465 in
495 3410 586 3480 priore
607 3426 704 3466 uersus
726 3415 805 3479 parte
823 3410 921 3465 Suidae
943 3409 1066 3465 codicum
1089 3409 1155 3465 uitio
1177 3410 1319 3465 tribuenda
1336 3415 1383 3475 est,

237 3500 277 3555 ita
299 3500 327 3553 in
351 3495 501 3565 posteriore
523 3495 607 3550 Athoi
633 3495 809 3564 corruptelae.
853 3495 923 3550 Nam
948 3490 1126 3567 ἀβληχρώδητ
1151 3493 1315 3550 adiectiuum
1340 3493 1384 3559 (ab

237 3581 370 3656 ἀβληχρὸς
392 3581 525 3645 infirmus)
548 3580 638 3635 locum
663 3596 720 3634 non
746 3581 840 3647 habet,
869 3580 916 3634 ubi
942 3597 998 3636 non
1024 3581 1058 3635 de
1082 3579 1253 3645 infirmitate,
1280 3579 1327 3634 sed
1351 3577 1384 3632 de
1455 3583 1456 3636 1

237 3671 296 3726 sola
317 3667 433 3724 stultitia
456 3681 542 3720 sermo
567 3670 620 3733 est3
648 3671 789 3734 praeterea
812 3661 988 3736 δβληχροέδης
1009 3681 1064 3720 non
1088 3664 1167 3720 modo
1193 3659 1240 3718 ἅττ.
1260 3664 1313 3737 lsy.
1336 3669 1383 3729 est,

239 3756 286 3810 sed
304 3756 384 3808 etiam
402 3755 507 3809 ratione
524 3767 654 3822 peruersa
672 3751 766 3804 fictum
784 3766 817 3804 ex
835 3750 982 3805 adiectiuo:
1008 3750 1144 3804 adiectiua
1163 3750 1279 3804 enimin
1297 3744 1383 3811 -ώδητ

237 3849 281 3902 (=
295 3837 392 3907 οενδητ)
417 3855 466 3908 pro
490 3845 587 3892 natura
611 3851 661 3892 sua
685 3835 719 3890 ad
741 3836 912 3890 substantiae
936 3835 1023 3890 redire
1044 3835 1146 3902 solent,
1168 3849 1250 3902 quam
1267 3831 1383 3902 reguiam

237 3924 362 3990 Rubrius,
381 3924 427 3993 qui
445 3923 551 3993 quidem
567 3922 641 3976 haud
658 3936 747 3991 pauca
764 3921 846 3977 habet
864 3926 891 3976 et
909 3921 952 3975 uel
969 3921 1115 3987 rarissima,
1134 3934 1240 3988 semper
1255 3923 1383 3988 quantum

237 4009 294 4063 scio
313 4009 478 4073 obseruauit‚
497 4006 531 4062 ci.
541 4022 598 4075 eg.
611 4012 666 4074 111,
680 4010 709 4061 18
727 4003 867 4078 δροσώδης
880 4002 1003 4077 (δρόσος),
1020 4009 1061 4072 95,
1076 4009 1105 4059 18
1121 3999 1254 4072 θυμώδης
1269 4000 1381 4072 (θυμός),
1454 4041 1455 4084 r

142 4153 147 4163 ,
237 4097 321 4162 85,14
339 4089 479 4165 τεφρώδηο
495 4096 610 4163 (τέφρα).
