2934 4690
233 289 294 354 188
714 289 777 348 Otto
797 292 909 348 Orusius

315 467 430 550 Neque
446 487 496 533 me
507 465 661 533 fefellisse
673 467 755 533 hano
767 466 980 532 oonieeturam
991 464 1054 531 alio
1066 464 1247 532 testimonio
1259 467 1380 551 grauis-

231 567 312 634 simo
329 566 472 636 efficitur.
501 571 578 636 Post
594 589 665 636 eum
681 569 766 635 enim
782 587 876 649 quem
890 587 948 633 nos
964 567 1119 634 habemus
1134 566 1229 635 finem
1244 568 1381 652 legimus

232 669 319 755 apud
335 670 643 738 Pseudodositheum
664 671 697 735 in
709 665 854 737 ‘Notioes
877 676 909 736 et
931 661 1078 736 extraits'
1097 671 1217 752 XXIII,
1235 674 1253 733 2
1268 692 1300 756 p.
1323 676 1382 735 520

232 773 327 855 sq.¹):
347 767 419 838 ‘sed
442 778 474 838 et
495 763 562 855 ego'
580 767 793 856 inquit‘dabo
812 772 870 838 tibi
885 793 996 839 uerum
1011 765 1247 840 testimonium'.
1281 773 1383 839 Duxit

233 894 305 941 eum
327 874 371 941 ad
392 873 659 958 amphitheatrum
681 880 713 941 et
735 873 873 941 ostendit
895 875 936 960 ei,
960 874 1228 957 quemadmodum
1249 875 1383 942 homoa

233 977 327 1043 leone
342 975 567 1060 suffocabatur,
592 982 623 1043 et
637 975 734 1043 dixit:
754 971 820 1042 ‘hio
835 978 976 1044 eolorum
988 977 1013 1061 ²)
1028 978 1207 1046 testimonio
1224 997 1303 1062 opus
1318 998 1381 1044 non

234 1085 292 1161 est,
315 1078 373 1144 sed
395 1070 557 1146 ueritate'.
599 1079 657 1152 Oui
672 1079 767 1152 homo
784 1079 880 1144 dixit:
900 1073 1055 1161 ‘uidisses
1078 1080 1190 1147 sinon
1213 1079 1381 1160 alligatum

232 1181 310 1246 mihi
325 1181 486 1248 hominem
501 1174 700 1248 ostendisses
716 1188 775 1248 eto.
802 1181 872 1246 lam
887 1201 962 1248 uero
977 1182 1108 1248 fabulae
1123 1183 1258 1248 formam
1270 1182 1381 1248 Babrii

233 1283 417 1366 primariam
440 1304 526 1366 esse,
557 1284 703 1350 Dosithei
724 1283 966 1367 interpolatam,
1000 1283 1131 1351 eredere
1153 1305 1216 1351 non
1239 1304 1380 1370 possum,

232 1405 306 1450 nam
341 1385 561 1452 additamenta
593 1385 649 1450 illa
679 1374 786 1451 nimis'
806 1386 887 1452 bene
916 1385 1107 1453 conueniunt
1135 1387 1168 1452 in
1195 1387 1380 1453 uniuersum

233 1495 454 1573 argumentum
483 1494 579 1570 atque
607 1507 647 1553 ne
675 1507 772 1554 unum
802 1485 931 1569 quidem
961 1489 1143 1573 exemplum
1165 1488 1311 1556 inuenies
1335 1491 1379 1554 fa-

234 1590 329 1655 bulae
360 1589 443 1656 huno
470 1589 504 1656 in
533 1589 661 1656 modum
683 1595 813 1676 anetae,
843 1595 1074 1657 oontraotarum
1104 1598 1136 1659 et
1160 1591 1380 1658 mutilatorum
1443 1671 1446 1678 Ι

233 1691 370 1776 plurima
392 1690 502 1776 (etiam
524 1691 610 1778 apud
636 1694 741 1777 ipsum
763 1692 932 1758 Babrium:
963 1692 1068 1774 quode
1090 1692 1225 1776 postea).
1270 1693 1380 1759 Habes

234 1793 331 1877 igitur
352 1794 386 1860 in
414 1795 548 1880 pristina
575 1795 704 1862 fabulae
726 1794 906 1861 Babriauae
929 1794 1031 1860 forma
1052 1794 1156 1879 ipsum
1179 1794 1379 1881 amphithea-

234 1902 317 1963 trum
333 1898 511 1963 Romanum
526 1904 558 1964 et
573 1896 715 1981 captiuos
731 1897 874 1964 Romano
898 1918 984 1964 more
1006 1897 1083 1964 feris
1101 1897 1252 1963 obientos.
1290 1897 1379 1963 Haeo

233 2004 340 2065 autem
355 2000 569 2066 Romanorum
589 1999 732 2066 instituta
754 1999 823 2084 ipse
842 1998 978 2066 Babrius
1000 1997 1192 2084 significauit
1212 2000 1246 2064 in
1268 1999 1379 2066 fabula

232 2099 401 2167 Bodleiani
424 2105 463 2166 69
475 2102 514 2186 ³):
540 2100 638 2166 Κύων
660 2098 864 2188 τρεφόμενος
887 2098 920 2165 ἒν
943 2099 1023 2186 οίκῳ
1045 2100 1170 2188 θηρσὶν
1194 2098 1293 2178 oldaia
1315 2099 1379 2184 μά-

227 2206 364 2283 χεσθαι,
389 2200 469 2267 ἰδών
492 2200 637 2280 πολλοὺς
660 2201 694 2268 ἐν
716 2201 808 2279 τάξει
831 2202 1042 2285 ἱσταμένους,
1066 2201 1166 2290 ῥήξας
1187 2199 1245 2267 τὸν
1267 2200 1379 2268 κλοιὸν

232 2305 291 2367 τοῦ
313 2302 475 2391 τραχήλου
498 2303 615 2393 ἐ’φευγε
637 2303 693 2371 διὰ
715 2307 782 2370 τῶν
804 2296 977 2392 ἆμφόόιον.
1010 2303 1103 2382 κύνες
1126 2303 1162 2369 δὲ
1185 2299 1282 2370 ἄλλοι
1303 2307 1379 2370 τοῦ·

231 2430 289 2471 τον
319 2404 445 2484 ἰδόντες
474 2400 621 2494 εὐτραφῆ
650 2404 706 2472 οἷα
733 2409 853 2494 ταῦρον
884 2401 995 2472 εἶπεν·
1020 2411 1074 2485 ,τί
1102 2401 1312 2494 φεύγεις,·“ὁ
1346 2405 1378 2472 δὲ

234 2503 344 2574 εἶπεν·
368 2501 442 2588 ,ὅτι
457 2510 516 2593 μὲν
531 2512 638 2598 τροφή
655 2507 759 2589 συζιῦν
774 2511 920 2597 περισσῇ
942 2503 1018 2573 οἶδα
1040 2510 1096 2574 καὶ
1120 2511 1215 2592 σιῦμα
1238 2506 1276 2575 τὸ
1301 2507 1379 2591 ἐμὸν

234 2603 419 2697 εὐφραίνω·
455 2606 509 2678 ἀεὶ
538 2612 574 2677 δὲ
596 2613 740 2700 πλησίον
767 2610 837 2694 εἰμὶ
858 2609 1009 2676 θανάτου
1034 2604 1167 2698 ἄρκτοις
1187 2613 1242 2676 καὶ
1267 2612 1379 2676 λέουσι

234 2712 450 2796 μαχόμενος“.
494 2714 527 2780 οἱ
550 2713 585 2779 δὲ
608 2711 693 2800 νιρὸς
716 2706 875 2801 ἀλλήλους
898 2708 1009 2779 εἶπον·
1034 2710 1155 2791 ,καλὸν
1176 2717 1251 2796 βίον
1276 2711 1304 2778 εί
1324 2714 1380 2777 καὶ

323 2954 344 3012 l)
363 2948 504 3004 Parisinus
527 2949 645 3004 fabulam
668 2951 697 3004 iu
720 2950 876 3005 uniuersum
898 2949 992 3002 melius
1010 2948 1107 3016 tradit,
1132 2965 1213 3017 quam
1230 2949 1380 3004 Vossianus

233 3033 382 3103 Boeokingi
403 3040 432 3090 15
450 3052 477 3104 p.
496 3035 535 3090 34'
553 3040 580 3089 et
602 3035 733 3089 Romulus
750 3035 797 3102 IV,
819 3040 858 3101 11,
877 3035 923 3104 qui
940 3034 1014 3089 labb.
1031 3033 1077 3102 1v‚
1098 3038 1208 3088 11-19
1230 3048 1322 3089 omnes
1347 3033 1379 3086 ab

232 3119 291 3188 ipso
310 3119 541 3176 Pseudodositheo
560 3120 667 3188 repetiit
685 3122 767 3187 (unde
785 3126 899 3190 apparet
918 3119 1018 3174 iniuria
1034 3117 1205 3174 Dresslerum
1223 3133 1285 3187 app.
1301 3119 1336 3184 11,
1350 3121 1378 3171 22

233 3204 305 3260 hane
323 3205 447 3261 Phaedro
466 3205 631 3270 obtrusisse).

320 3296 345 3354 21
364 3288 528 3346 ‘Oculorum’
541 3295 569 3345 et
585 3285 715 3359 ὀμμάτων
732 3290 762 3357 Ρ,
780 3285 916 3344 ‘colorum’
927 3294 956 3344 et
971 3285 1127 3359 χραμάτων
1144 3289 1177 3353 V,
1195 3283 1334 3343 ‘colorum‘
1347 3287 1379 3340 R.

234 3376 266 3430 In
284 3375 305 3429 P
324 3382 386 3444 post
404 3391 498 3430 uocem
515 3375 641 3429 Latinam
659 3380 814 3445 corruptam
834 3378 938 3428 mutata
955 3379 997 3428 est
1015 3373 1133 3428 Graeca:
1161 3373 1272 3428 Lachm.
1291 3367 1380 3428 ‘Vera

234 3462 302 3517 liber
319 3457 391 3515 Dos?
410 3476 437 3528 p.
448 3465 463 3513 2
476 3476 534 3530 sqq.

321 3549 346 3608 3)
364 3545 501 3600 Babriana
518 3550 567 3614 est,
585 3552 616 3601 ut
632 3547 704 3602 illius
717 3545 819 3601 nodieis
832 3546 976 3614 pleraeque
988 3559 1088 3610 omnes,
1108 3543 1142 3598 cf.
1153 3540 1232 3596 εἰδώς
1242 3539 1380 3612 μάχεσθαι

234 3646 330 3686 uersus
354 3629 472 3695 initium,
496 3632 578 3699 σῶμα
601 3630 633 3685 τὸ
659 3629 724 3700 ἐμὸν
741 3634 803 3694 (ser.
821 3624 932 3698 τούμὸν)
950 3626 1090 3699 εὐφραίνοι
1108 3644 1203 3683 uorsus
1222 3629 1380 3691 clausulam,

234 3718 329 3788 ἔφευγε
350 3712 396 3768 διὰ
418 3717 477 3768 τῶν
498 3713 640 3788 ἀμφόδου.
676 3713 752 3768 ativae
776 3712 803 3767 δ’
823 3713 899 3767 ἄλλοι
914 3715 1056 3782 integrum
1075 3713 1255 3768 choliambum
1274 3714 1318 3781 (de
1336 3714 1379 3769 eli·

234 3801 309 3856 sione
327 3801 361 3855 ef.
377 3805 442 3868 33,t
466 3801 571 3875 σπόρου
588 3798 618 3853 δ’
639 3793 703 3872 ὥρη,
722 3800 780 3853 sim.
796 3803 838 3864 52,
853 3804 877 3854 3.
897 3805 937 3865 51,
952 3803 975 3854 8.
995 3803 1037 3865 60,
1052 3803 1075 3853 2.
1095 3803 1135 3864 61,
1150 3804 1164 3852 6
1180 3802 1247 3867 etc.;
1265 3797 1344 3853 uilloc
1353 3798 1380 3853 iu

135 3883 139 3892 ’
234 3899 329 3941 uersus
346 3885 401 3940 fine
418 3892 459 3954 51,
470 3892 493 3942 3.
506 3892 546 3942 10.
565 3890 606 3951 59,
620 3889 657 3938 14.
677 3889 717 3950 72,
730 3889 768 3937 11.
781 3887 899 3951 106,26).
926 3885 1072 3940 Praeterea
1090 3899 1151 3939 oum
1168 3883 1245 3939 Initio
1261 3885 1378 3953 cf.51,1.

188 3981 189 3984 ’
238 3975 389 4039 100‚1sq.‚
414 3971 448 4026 de
466 3971 548 4039 κλοιῷ
566 3969 615 4024 τοῦ
632 3966 765 4042 τραχήλου
782 3969 845 4025 uide
865 3973 981 4048 100199),
999 3965 1080 4038 bsq„
1105 3969 1139 4025 de
1159 3971 1247 4043 τρυφῇ
1266 3968 1378 4042 περισσῇ

236 4059 292 4123 108,
303 4059 345 4121 29,
363 4056 396 4110 de
413 4054 530 4122 πλησίον
547 4062 567 4110 a.
585 4052 710 4109 θανάτου
731 4060 786 4122 101,
804 4059 827 4109 2.
