<?xml version="1.0" encoding="UTF-8"?>
<!DOCTYPE html PUBLIC "-//W3C//DTD XHTML 1.0 Transitional//EN"
    "http://www.w3.org/TR/xhtml1/DTD/xhtml1-transitional.dtd">
<html xmlns="http://www.w3.org/1999/xhtml" xml:lang="en" lang="en">
 <head>
  <title>
</title>
<meta http-equiv="Content-Type" content="text/html;charset=utf-8" />
  <meta name='ocr-system' content='tesseract 3.04.00' />
  <meta name='ocr-capabilities' content='ocr_page ocr_carea ocr_par ocr_line ocrx_word'/>
</head>
<body>
  <div class='ocr_page' id='page_1' title='image "./debabriiaetate00crusgoog_0019.png"; bbox 0 0 2938 4688; ppageno 0'>
   <div class='ocr_carea' id='block_1_1' title="bbox 255 326 928 388">
    <p class='ocr_par' dir='ltr' id='par_1_1' title="bbox 255 326 928 388">
     <span class='ocr_line' id='line_1_1' title="bbox 255 326 928 388; baseline -0.003 0"><span class='ocrx_word' id='word_1_1' title='bbox 255 326 318 388; x_wconf 83' lang='lat'><strong>136</strong></span> <span class='ocrx_word' id='word_1_2' title='bbox 735 331 799 386; x_wconf 91' lang='lat' dir='ltr'><strong>Otto</strong></span> <span class='ocrx_word' id='word_1_3' title='bbox 817 331 928 387; x_wconf 81' lang='lat' dir='ltr'><strong>Orosius</strong></span> 
     </span>
    </p>
   </div>
   <div class='ocr_carea' id='block_1_2' title="bbox 173 504 1409 1307">
    <p class='ocr_par' dir='ltr' id='par_1_2' title="bbox 254 504 1409 690">
     <span class='ocr_line' id='line_1_2' title="bbox 255 504 1408 590; baseline 0.001 -19"><span class='ocrx_word' id='word_1_4' title='bbox 255 504 340 571; x_wconf 87' lang='lat' dir='ltr'><strong>enim</strong></span> <span class='ocrx_word' id='word_1_5' title='bbox 362 524 454 590; x_wconf 88' lang='lat' dir='ltr'><strong>reges</strong></span> <span class='ocrx_word' id='word_1_6' title='bbox 476 511 583 572; x_wconf 90' lang='lat' dir='ltr'><strong>aetate</strong></span> <span class='ocrx_word' id='word_1_7' title='bbox 605 504 780 588; x_wconf 90' lang='lat' dir='ltr'><strong>posteriore</strong></span> <span class='ocrx_word' id='word_1_8' title='bbox 801 504 858 570; x_wconf 86' lang='lat' dir='ltr'><strong>alii</strong></span> <span class='ocrx_word' id='word_1_9' title='bbox 879 512 952 571; x_wconf 89' lang='lat' dir='ltr'><strong>sunt</strong></span> <span class='ocrx_word' id='word_1_10' title='bbox 967 505 1067 589; x_wconf 85' lang='lat' dir='ltr'><strong>multi,</strong></span> <span class='ocrx_word' id='word_1_11' title='bbox 1090 506 1219 573; x_wconf 85' lang='lat' dir='ltr'><strong>fabulae</strong></span> <span class='ocrx_word' id='word_1_12' title='bbox 1236 515 1343 574; x_wconf 90' lang='lat' dir='ltr'><strong>autem</strong></span> <span class='ocrx_word' id='word_1_13' title='bbox 1366 512 1408 574; x_wconf 88' lang='lat'><strong>85</strong></span> 
     </span>
     <span class='ocr_line' id='line_1_3' title="bbox 254 606 1409 690; baseline 0.003 -16"><span class='ocrx_word' id='word_1_14' title='bbox 254 629 295 674; x_wconf 89' lang='lat' dir='ltr'><strong>ne</strong></span> <span class='ocrx_word' id='word_1_15' title='bbox 318 606 477 690; x_wconf 88' lang='lat' dir='ltr'><strong>Bergkius</strong></span> <span class='ocrx_word' id='word_1_16' title='bbox 506 606 635 690; x_wconf 87' lang='lat' dir='ltr'><strong>quidem</strong></span> <span class='ocrx_word' id='word_1_17' title='bbox 658 643 698 654; x_wconf 88' lang='lat'>-</span> <span class='ocrx_word' id='word_1_18' title='bbox 721 626 799 672; x_wconf 89' lang='lat' dir='ltr'><strong>sano</strong></span> <span class='ocrx_word' id='word_1_19' title='bbox 826 627 902 674; x_wconf 91' lang='lat' dir='ltr'><strong>usus</strong></span> <span class='ocrx_word' id='word_1_20' title='bbox 923 606 1042 674; x_wconf 87' lang='lat' dir='ltr'><strong>iudicio</strong></span> <span class='ocrx_word' id='word_1_21' title='bbox 1066 645 1106 654; x_wconf 91' lang='lat'>—</span> <span class='ocrx_word' id='word_1_22' title='bbox 1128 609 1263 675; x_wconf 87' lang='lat' dir='ltr'><strong>multum</strong></span> <span class='ocrx_word' id='word_1_23' title='bbox 1284 611 1409 678; x_wconf 80' lang='lat' dir='ltr'><strong>tribuit.</strong></span> 
     </span>
    </p>

    <p class='ocr_par' dir='ltr' id='par_1_3' title="bbox 173 708 1409 1307">
     <span class='ocr_line' id='line_1_4' title="bbox 340 708 1409 794; baseline 0.006 -20"><span class='ocrx_word' id='word_1_24' title='bbox 340 709 449 792; x_wconf 87' lang='lat' dir='ltr'><strong>Longe</strong></span> <span class='ocrx_word' id='word_1_25' title='bbox 479 729 576 790; x_wconf 87' lang='lat' dir='ltr'><strong>quam</strong></span> <span class='ocrx_word' id='word_1_26' title='bbox 604 708 700 775; x_wconf 88' lang='lat' dir='ltr'><strong>ceteri</strong></span> <span class='ocrx_word' id='word_1_27' title='bbox 729 709 986 794; x_wconf 81' lang='lat' dir='ltr'><strong>circumspectius</strong></span> <span class='ocrx_word' id='word_1_28' title='bbox 1015 708 1128 776; x_wconf 93' lang='lat' dir='ltr'><strong>eodem</strong></span> <span class='ocrx_word' id='word_1_29' title='bbox 1157 732 1241 778; x_wconf 91' lang='lat' dir='ltr'><strong>anno</strong></span> <span class='ocrx_word' id='word_1_30' title='bbox 1272 712 1409 780; x_wconf 75' lang='lat' dir='ltr'>Carolus</span> 
     </span>
     <span class='ocr_line' id='line_1_5' title="bbox 255 810 1407 898; baseline 0.004 -21"><span class='ocrx_word' id='word_1_31' title='bbox 255 812 534 880; x_wconf 89' lang='lat' dir='ltr'><strong>Lachmannus</strong></span> <span class='ocrx_word' id='word_1_32' title='bbox 558 810 667 891; x_wconf 86' lang='lat' dir='ltr'><strong>(Babr.</strong></span> <span class='ocrx_word' id='word_1_33' title='bbox 691 811 741 877; x_wconf 90' lang='lat' dir='ltr'><strong>ed.</strong></span> <span class='ocrx_word' id='word_1_34' title='bbox 757 812 862 878; x_wconf 90' lang='lat' dir='ltr'><strong>Berol.</strong></span> <span class='ocrx_word' id='word_1_35' title='bbox 880 815 961 876; x_wconf 87' lang='grc'><strong>1845</strong></span> <span class='ocrx_word' id='word_1_36' title='bbox 978 833 1008 898; x_wconf 93' lang='lat' dir='ltr'><strong>p.</strong></span> <span class='ocrx_word' id='word_1_37' title='bbox 1024 812 1056 877; x_wconf 92' lang='lat' dir='ltr'>X</span> <span class='ocrx_word' id='word_1_38' title='bbox 1071 811 1132 896; x_wconf 83' lang='lat' dir='ltr'><strong>sq.)</strong></span> <span class='ocrx_word' id='word_1_39' title='bbox 1147 811 1231 880; x_wconf 90' lang='lat' dir='ltr'><strong>hanc</strong></span> <span class='ocrx_word' id='word_1_40' title='bbox 1246 815 1407 897; x_wconf 88' lang='lat' dir='ltr'><strong>quaestio-</strong></span> 
     </span>
     <span class='ocr_line' id='line_1_6' title="bbox 173 907 1407 1002; baseline 0.008 -28"><span class='ocrx_word' id='word_1_41' title='bbox 173 967 178 974; x_wconf 88' lang='lat'><strong>.</strong></span> <span class='ocrx_word' id='word_1_42' title='bbox 254 907 507 997; x_wconf 77' lang='lat' dir='ltr'><strong>nem‘traotauit,</strong></span> <span class='ocrx_word' id='word_1_43' title='bbox 529 912 604 978; x_wconf 90' lang='lat' dir='ltr'><strong>licet</strong></span> <span class='ocrx_word' id='word_1_44' title='bbox 625 913 678 979; x_wconf 87' lang='lat' dir='ltr'><strong>die</strong></span> <span class='ocrx_word' id='word_1_45' title='bbox 701 912 786 980; x_wconf 91' lang='lat' dir='ltr'><strong>diem</strong></span> <span class='ocrx_word' id='word_1_46' title='bbox 809 914 944 981; x_wconf 89' lang='lat' dir='ltr'><strong>docente</strong></span> <span class='ocrx_word' id='word_1_47' title='bbox 967 916 1074 982; x_wconf 92' lang='lat' dir='ltr'><strong>omnia</strong></span> <span class='ocrx_word' id='word_1_48' title='bbox 1092 935 1173 981; x_wconf 88' lang='lat' dir='ltr'><strong>nunc</strong></span> <span class='ocrx_word' id='word_1_49' title='bbox 1187 919 1324 1002; x_wconf 89' lang='lat' dir='ltr'><strong>probare</strong></span> <span class='ocrx_word' id='word_1_50' title='bbox 1340 938 1407 984; x_wconf 91' lang='lat' dir='ltr'><strong>non</strong></span> 
     </span>
     <span class='ocr_line' id='line_1_7' title="bbox 254 1015 1406 1106; baseline 0.004 -26"><span class='ocrx_word' id='word_1_51' title='bbox 254 1016 365 1103; x_wconf 88' lang='lat' dir='ltr'><strong>possis.</strong></span> <span class='ocrx_word' id='word_1_52' title='bbox 397 1015 523 1082; x_wconf 90' lang='lat' dir='ltr'><strong>Vixisse</strong></span> <span class='ocrx_word' id='word_1_53' title='bbox 547 1016 630 1082; x_wconf 86' lang='lat' dir='ltr'><strong>eninr</strong></span> <span class='ocrx_word' id='word_1_54' title='bbox 652 1016 805 1106; x_wconf 77' lang='lat' dir='ltr'><strong>Babrium</strong></span> <span class='ocrx_word' id='word_1_55' title='bbox 827 1023 936 1083; x_wconf 84' lang='lat' dir='ltr'><strong>censet</strong></span> <span class='ocrx_word' id='word_1_56' title='bbox 953 1023 1026 1102; x_wconf 88' lang='lat' dir='ltr'><strong>post</strong></span> <span class='ocrx_word' id='word_1_57' title='bbox 1040 1018 1232 1104; x_wconf 88' lang='lat' dir='ltr'><strong>Phaedrum,</strong></span> <span class='ocrx_word' id='word_1_58' title='bbox 1256 1020 1310 1103; x_wconf 89' lang='lat' dir='ltr'><strong>qui</strong></span> <span class='ocrx_word' id='word_1_59' title='bbox 1325 1040 1406 1085; x_wconf 90' lang='lat' dir='ltr'><strong>nun-</strong></span> 
     </span>
     <span class='ocr_line' id='line_1_8' title="bbox 198 1104 1405 1212; baseline 0.002 -25"><span class='ocrx_word' id='word_1_60' title='bbox 198 1104 205 1212; x_wconf 58' lang='grc' dir='ltr'><strong>ζ,</strong></span> <span class='ocrx_word' id='word_1_61' title='bbox 254 1139 348 1202; x_wconf 90' lang='lat' dir='ltr'><strong>quarn</strong></span> <span class='ocrx_word' id='word_1_62' title='bbox 371 1137 408 1185; x_wconf 94' lang='lat' dir='ltr'><strong>eo</strong></span> <span class='ocrx_word' id='word_1_63' title='bbox 432 1137 507 1184; x_wconf 88' lang='lat' dir='ltr'><strong>usus</strong></span> <span class='ocrx_word' id='word_1_64' title='bbox 530 1118 580 1199; x_wconf 90' lang='lat' dir='ltr'><strong>sit,</strong></span> <span class='ocrx_word' id='word_1_65' title='bbox 591 1125 636 1192; x_wconf 59' lang='lat' dir='ltr'><strong>„et</strong></span> <span class='ocrx_word' id='word_1_66' title='bbox 658 1126 733 1188; x_wconf 86' lang='lat' dir='ltr'><strong>ante</strong></span> <span class='ocrx_word' id='word_1_67' title='bbox 748 1118 952 1206; x_wconf 90' lang='lat' dir='ltr'><strong>Apollonium</strong></span> <span class='ocrx_word' id='word_1_68' title='bbox 967 1120 1153 1205; x_wconf 80' lang='lat' dir='ltr'>sophistam,</span> <span class='ocrx_word' id='word_1_69' title='bbox 1177 1121 1279 1204; x_wconf 90' lang='lat' dir='ltr'><strong>quiin</strong></span> <span class='ocrx_word' id='word_1_70' title='bbox 1298 1123 1405 1189; x_wconf 83' lang='lat' dir='ltr'><strong>lexico</strong></span> 
     </span>
     <span class='ocr_line' id='line_1_9' title="bbox 202 1214 1405 1307; baseline 0.003 -19"><span class='ocrx_word' id='word_1_71' title='bbox 202 1230 204 1241; x_wconf 89' lang='lat'>&#39;</span> <span class='ocrx_word' id='word_1_72' title='bbox 252 1221 421 1289; x_wconf 89' lang='lat' dir='ltr'><strong>Homerico</strong></span> <span class='ocrx_word' id='word_1_73' title='bbox 444 1243 475 1306; x_wconf 93' lang='lat' dir='ltr'><strong>p.</strong></span> <span class='ocrx_word' id='word_1_74' title='bbox 501 1226 556 1306; x_wconf 88' lang='lat'><strong>10,</strong></span> <span class='ocrx_word' id='word_1_75' title='bbox 582 1224 619 1286; x_wconf 86' lang='lat'><strong>13</strong></span> <span class='ocrx_word' id='word_1_76' title='bbox 643 1241 668 1287; x_wconf 90' lang='lat' dir='ltr'><strong>s.</strong></span> <span class='ocrx_word' id='word_1_77' title='bbox 692 1214 784 1286; x_wconf 74' lang='lat' dir='ltr'><strong>dorda</strong></span> <span class='ocrx_word' id='word_1_78' title='bbox 809 1222 918 1287; x_wconf 76' lang='lat' dir='ltr'><strong>Bab&#39;rii</strong></span> <span class='ocrx_word' id='word_1_79' title='bbox 945 1227 979 1287; x_wconf 87' lang='lat' dir='ltr'><strong>ut</strong></span> <span class='ocrx_word' id='word_1_80' title='bbox 1006 1228 1097 1307; x_wconf 94' lang='lat' dir='ltr'><strong>putat</strong></span> <span class='ocrx_word' id='word_1_81' title='bbox 1123 1222 1321 1291; x_wconf 87' lang='lat' dir='ltr'><strong>choliambos</strong></span> <span class='ocrx_word' id='word_1_82' title='bbox 1344 1225 1405 1292; x_wconf 92' lang='lat' dir='ltr'><strong>hos</strong></span> 
     </span>
    </p>
   </div>
   <div class='ocr_carea' id='block_1_3' title="bbox 253 1325 1099 1487">
    <p class='ocr_par' dir='ltr' id='par_1_4' title="bbox 253 1325 1099 1487">
     <span class='ocr_line' id='line_1_10' title="bbox 253 1325 444 1393; baseline -0.005 -1"><span class='ocrx_word' id='word_1_83' title='bbox 253 1325 444 1393; x_wconf 88' lang='lat' dir='ltr'><strong>seruauerit:</strong></span> 
     </span>
     <span class='ocr_line' id='line_1_11' title="bbox 744 1402 1099 1487; baseline 0.003 -13"><span class='ocrx_word' id='word_1_84' title='bbox 744 1413 848 1475; x_wconf 80' lang='grc' dir='ltr'><strong><em>ταῦτα</em></strong></span> <span class='ocrx_word' id='word_1_85' title='bbox 872 1402 903 1474; x_wconf 80' lang='lat' dir='ltr'><strong>d&#39;</strong></span> <span class='ocrx_word' id='word_1_86' title='bbox 929 1409 1099 1487; x_wconf 75' lang='grc' dir='ltr'><em>Αἴσωπος</em></span> 
     </span>
    </p>
   </div>
   <div class='ocr_carea' id='block_1_4' title="bbox 185 1505 1467 3564">
    <p class='ocr_par' dir='ltr' id='par_1_5' title="bbox 185 1505 1467 3564">
     <span class='ocr_line' id='line_1_12' title="bbox 482 1505 1171 1601; baseline 0 -24"><span class='ocrx_word' id='word_1_87' title='bbox 482 1507 499 1577; x_wconf 83' lang='grc' dir='ltr'>ὁ</span> <span class='ocrx_word' id='word_1_88' title='bbox 524 1509 707 1599; x_wconf 75' lang='grc' dir='ltr'><strong><em>Σαρδιηνὸς</em></strong></span> <span class='ocrx_word' id='word_1_89' title='bbox 729 1507 832 1586; x_wconf 76' lang='grc' dir='ltr'><strong><em>εἶπεν,</em></strong></span> <span class='ocrx_word' id='word_1_90' title='bbox 855 1505 958 1578; x_wconf 59' lang='lat' dir='ltr'><strong>dvcta?</strong></span> <span class='ocrx_word' id='word_1_91' title='bbox 985 1512 1018 1578; x_wconf 84' lang='grc' dir='ltr'><strong>οἱ</strong></span> <span class='ocrx_word' id='word_1_92' title='bbox 1039 1513 1171 1601; x_wconf 83' lang='grc' dir='ltr'><em>Δελφοί</em></span> 
     </span>
     <span class='ocr_line' id='line_1_13' title="bbox 482 1608 1117 1702; baseline 0.003 -23"><span class='ocrx_word' id='word_1_93' title='bbox 482 1609 606 1702; x_wconf 75' lang='grc' dir='ltr'><em>ᾅδοντα</em></span> <span class='ocrx_word' id='word_1_94' title='bbox 627 1618 739 1697; x_wconf 72' lang='grc' dir='ltr'><em>μῦθον</em></span> <span class='ocrx_word' id='word_1_95' title='bbox 762 1608 800 1679; x_wconf 79' lang='lat' dir='ltr'><strong>od</strong></span> <span class='ocrx_word' id='word_1_96' title='bbox 822 1615 931 1692; x_wconf 77' lang='grc' dir='ltr'><strong><em>καλῶς</em></strong></span> <span class='ocrx_word' id='word_1_97' title='bbox 954 1613 1117 1694; x_wconf 76' lang='grc' dir='ltr'><strong><em>ἐδέξαντο.</em></strong></span> 
     </span>
     <span class='ocr_line' id='line_1_14' title="bbox 251 1734 1405 1821; baseline -0.001 -19"><span class='ocrx_word' id='word_1_98' title='bbox 251 1738 319 1802; x_wconf 88' lang='lat' dir='ltr'><strong>Iam</strong></span> <span class='ocrx_word' id='word_1_99' title='bbox 348 1755 420 1800; x_wconf 87' lang='lat' dir='ltr'><strong>cum</strong></span> <span class='ocrx_word' id='word_1_100' title='bbox 447 1734 475 1799; x_wconf 92' lang='lat' dir='ltr'><strong>is</strong></span> <span class='ocrx_word' id='word_1_101' title='bbox 503 1735 728 1818; x_wconf 88' lang='lat' dir='ltr'><strong>grammaticus</strong></span> <span class='ocrx_word' id='word_1_102' title='bbox 757 1741 892 1802; x_wconf 88' lang='lat' dir='ltr'><strong>exeunte</strong></span> <span class='ocrx_word' id='word_1_103' title='bbox 922 1736 1024 1818; x_wconf 89' lang='lat' dir='ltr'><strong>primo</strong></span> <span class='ocrx_word' id='word_1_104' title='bbox 1056 1757 1087 1821; x_wconf 88' lang='lat' dir='ltr'><strong>p.</strong></span> <span class='ocrx_word' id='word_1_105' title='bbox 1110 1736 1182 1803; x_wconf 76' lang='lat' dir='ltr'><strong>Chr.</strong></span> <span class='ocrx_word' id='word_1_106' title='bbox 1211 1757 1243 1800; x_wconf 92' lang='grc' dir='ltr'><strong>ιι.</strong></span> <span class='ocrx_word' id='word_1_107' title='bbox 1271 1736 1405 1802; x_wconf 83' lang='lat' dir='ltr'><strong>saeculo</strong></span> 
     </span>
     <span class='ocr_line' id='line_1_15' title="bbox 251 1836 1405 1922; baseline -0.002 -18"><span class='ocrx_word' id='word_1_108' title='bbox 251 1837 368 1904; x_wconf 89' lang='lat' dir='ltr'><strong>uixerit</strong></span> <span class='ocrx_word' id='word_1_109' title='bbox 390 1843 423 1903; x_wconf 89' lang='lat' dir='ltr'><strong>et</strong></span> <span class='ocrx_word' id='word_1_110' title='bbox 445 1836 528 1903; x_wconf 84' lang='lat' dir='ltr'><strong>circa</strong></span> <span class='ocrx_word' id='word_1_111' title='bbox 551 1836 663 1903; x_wconf 86' lang='lat' dir='ltr'><strong>eadem</strong></span> <span class='ocrx_word' id='word_1_112' title='bbox 682 1843 826 1922; x_wconf 90' lang='lat' dir='ltr'><strong>tempora</strong></span> <span class='ocrx_word' id='word_1_113' title='bbox 840 1857 897 1904; x_wconf 89' lang='lat' dir='ltr'><strong>rex</strong></span> <span class='ocrx_word' id='word_1_114' title='bbox 912 1838 1098 1906; x_wconf 83' lang='lat' dir='ltr'><strong>Alexander</strong></span> <span class='ocrx_word' id='word_1_115' title='bbox 1111 1837 1208 1904; x_wconf 87' lang='lat' dir='ltr'><strong>fuerit</strong></span> <span class='ocrx_word' id='word_1_116' title='bbox 1222 1836 1405 1904; x_wconf 78' lang='lat' dir='ltr'><strong>Alexandri</strong></span> 
     </span>
     <span class='ocr_line' id='line_1_16' title="bbox 251 1897 1418 2025; baseline 0.002 -20"><span class='ocrx_word' id='word_1_117' title='bbox 251 1935 388 2008; x_wconf 79' lang='lat' dir='ltr'><strong>Herodis</strong></span> <span class='ocrx_word' id='word_1_118' title='bbox 416 1939 474 2005; x_wconf 86' lang='lat' dir='ltr'><strong>filii</strong></span> <span class='ocrx_word' id='word_1_119' title='bbox 502 1959 618 2024; x_wconf 84' lang='lat' dir='ltr'><strong>nepos,</strong></span> <span class='ocrx_word' id='word_1_120' title='bbox 648 1939 716 2006; x_wconf 91' lang='lat' dir='ltr'><strong>eius</strong></span> <span class='ocrx_word' id='word_1_121' title='bbox 743 1939 810 2004; x_wconf 87' lang='lat' dir='ltr'><strong>filio</strong></span> <span class='ocrx_word' id='word_1_122' title='bbox 838 1938 990 2006; x_wconf 88' lang='lat' dir='ltr'><strong>Babrium</strong></span> <span class='ocrx_word' id='word_1_123' title='bbox 1019 1941 1157 2007; x_wconf 89' lang='lat' dir='ltr'><strong>fabellas</strong></span> <span class='ocrx_word' id='word_1_124' title='bbox 1184 1897 1418 2025; x_wconf 74' lang='lat' dir='ltr'><strong>composuissd</strong></span> 
     </span>
     <span class='ocr_line' id='line_1_17' title="bbox 250 2035 1405 2129; baseline -0.001 -19"><span class='ocrx_word' id='word_1_125' title='bbox 250 2041 303 2127; x_wconf 83' lang='lat' dir='ltr'><strong>(oi.</strong></span> <span class='ocrx_word' id='word_1_126' title='bbox 326 2063 465 2128; x_wconf 90' lang='lat' dir='ltr'><strong>prooem.</strong></span> <span class='ocrx_word' id='word_1_127' title='bbox 486 2041 536 2125; x_wconf 88' lang='lat'><strong>11,</strong></span> <span class='ocrx_word' id='word_1_128' title='bbox 563 2041 593 2126; x_wconf 88' lang='lat'><strong>1)</strong></span> <span class='ocrx_word' id='word_1_129' title='bbox 623 2042 803 2128; x_wconf 90' lang='lat' dir='ltr'><strong>suspicatur</strong></span> <span class='ocrx_word' id='word_1_130' title='bbox 820 2035 873 2108; x_wconf 84' lang='lat' dir='ltr'><strong>‘in</strong></span> <span class='ocrx_word' id='word_1_131' title='bbox 895 2042 1008 2129; x_wconf 87' lang='lat' dir='ltr'><strong>Syriae</strong></span> <span class='ocrx_word' id='word_1_132' title='bbox 1038 2049 1069 2110; x_wconf 91' lang='lat' dir='ltr'><strong>et</strong></span> <span class='ocrx_word' id='word_1_133' title='bbox 1096 2041 1226 2109; x_wconf 75' lang='lat' dir='ltr'><strong>Ciliciae</strong></span> <span class='ocrx_word' id='word_1_134' title='bbox 1257 2041 1405 2109; x_wconf 89' lang='lat' dir='ltr'><strong>confiniis</strong></span> 
     </span>
     <span class='ocr_line' id='line_1_18' title="bbox 251 2136 1405 2230; baseline -0.002 -18"><span class='ocrx_word' id='word_1_135' title='bbox 251 2152 324 2230; x_wconf 90' lang='lat' dir='ltr'><strong>post</strong></span> <span class='ocrx_word' id='word_1_136' title='bbox 353 2165 471 2212; x_wconf 90' lang='lat' dir='ltr'><strong>annum</strong></span> <span class='ocrx_word' id='word_1_137' title='bbox 499 2164 520 2209; x_wconf 89' lang='lat' dir='ltr'><strong>a</strong></span> <span class='ocrx_word' id='word_1_138' title='bbox 543 2144 668 2211; x_wconf 80' lang='lat' dir='ltr'><strong>Christo</strong></span> <span class='ocrx_word' id='word_1_139' title='bbox 697 2151 772 2211; x_wconf 91' lang='lat' dir='ltr'><strong>nato</strong></span> <span class='ocrx_word' id='word_1_140' title='bbox 796 2136 894 2228; x_wconf 79' lang='lat'><strong>72²¹).</strong></span> <span class='ocrx_word' id='word_1_141' title='bbox 939 2143 1067 2211; x_wconf 88' lang='lat' dir='ltr'><strong>Sed-</strong></span> <span class='ocrx_word' id='word_1_142' title='bbox 1090 2146 1290 2212; x_wconf 88' lang='lat' dir='ltr'><strong>utomittam</strong></span> <span class='ocrx_word' id='word_1_143' title='bbox 1314 2145 1405 2226; x_wconf 90' lang='lat' dir='ltr'><strong>quod</strong></span> 
     </span>
     <span class='ocr_line' id='line_1_19' title="bbox 251 2245 1403 2333; baseline -0.002 -18"><span class='ocrx_word' id='word_1_144' title='bbox 251 2248 292 2315; x_wconf 95' lang='lat' dir='ltr'><strong>de</strong></span> <span class='ocrx_word' id='word_1_145' title='bbox 314 2247 410 2314; x_wconf 88' lang='lat' dir='ltr'><strong>lexioi</strong></span> <span class='ocrx_word' id='word_1_146' title='bbox 431 2247 516 2315; x_wconf 89' lang='lat' dir='ltr'><strong>illius</strong></span> <span class='ocrx_word' id='word_1_147' title='bbox 538 2248 726 2315; x_wconf 88' lang='lat' dir='ltr'><strong>auctoritate</strong></span> <span class='ocrx_word' id='word_1_148' title='bbox 747 2247 950 2314; x_wconf 90' lang='lat' dir='ltr'><strong>uehementer</strong></span> <span class='ocrx_word' id='word_1_149' title='bbox 965 2245 1103 2312; x_wconf 87' lang='lat' dir='ltr'><strong>dubitari</strong></span> <span class='ocrx_word' id='word_1_150' title='bbox 1118 2254 1225 2333; x_wconf 88' lang='lat' dir='ltr'><strong>potest</strong></span> <span class='ocrx_word' id='word_1_151' title='bbox 1247 2247 1300 2327; x_wconf 86' lang='lat' dir='ltr'><strong>(ci.</strong></span> <span class='ocrx_word' id='word_1_152' title='bbox 1316 2248 1403 2315; x_wconf 80' lang='lat' dir='ltr'><strong>Toll.</strong></span> 
     </span>
     <span class='ocr_line' id='line_1_20' title="bbox 250 2348 1403 2436; baseline -0.002 -18"><span class='ocrx_word' id='word_1_153' title='bbox 250 2352 349 2436; x_wconf 83' lang='lat' dir='ltr'><strong>praei.</strong></span> <span class='ocrx_word' id='word_1_154' title='bbox 363 2371 395 2435; x_wconf 89' lang='lat' dir='ltr'><strong>p.</strong></span> <span class='ocrx_word' id='word_1_155' title='bbox 412 2350 487 2415; x_wconf 92' lang='lat' dir='ltr'><strong>Vlll</strong></span> <span class='ocrx_word' id='word_1_156' title='bbox 502 2356 535 2416; x_wconf 91' lang='lat' dir='ltr'><strong>et</strong></span> <span class='ocrx_word' id='word_1_157' title='bbox 550 2350 671 2417; x_wconf 88' lang='lat' dir='ltr'><strong>Knoch.</strong></span> <span class='ocrx_word' id='word_1_158' title='bbox 688 2351 782 2417; x_wconf 88' lang='lat' dir='ltr'><strong>Babr.</strong></span> <span class='ocrx_word' id='word_1_159' title='bbox 798 2371 829 2436; x_wconf 90' lang='lat' dir='ltr'><strong>p.</strong></span> <span class='ocrx_word' id='word_1_160' title='bbox 840 2348 894 2434; x_wconf 81' lang='lat'><strong>27)</strong></span> <span class='ocrx_word' id='word_1_161' title='bbox 905 2385 947 2394; x_wconf 94' lang='lat'><em>-</em></span> <span class='ocrx_word' id='word_1_162' title='bbox 958 2354 1127 2434; x_wconf 87' lang='lat' dir='ltr'><strong>postquam</strong></span> <span class='ocrx_word' id='word_1_163' title='bbox 1142 2350 1292 2416; x_wconf 85' lang='lat' dir='ltr'><strong>Ahrentis</strong></span> <span class='ocrx_word' id='word_1_164' title='bbox 1308 2371 1403 2434; x_wconf 88' lang='lat' dir='ltr'><strong>saga-</strong></span> 
     </span>
     <span class='ocr_line' id='line_1_21' title="bbox 251 2451 1402 2540; baseline -0.002 -20"><span class='ocrx_word' id='word_1_165' title='bbox 251 2454 348 2520; x_wconf 84' lang='lat' dir='ltr'><strong>citate</strong></span> <span class='ocrx_word' id='word_1_166' title='bbox 369 2454 423 2520; x_wconf 92' lang='lat' dir='ltr'><strong>lex</strong></span> <span class='ocrx_word' id='word_1_167' title='bbox 446 2452 524 2518; x_wconf 89' lang='lat' dir='ltr'><strong>artis</strong></span> <span class='ocrx_word' id='word_1_168' title='bbox 539 2452 719 2519; x_wconf 82' lang='lat' dir='ltr'><strong>Bebrianae</strong></span> <span class='ocrx_word' id='word_1_169' title='bbox 741 2451 903 2539; x_wconf 87' lang='lat' dir='ltr'><strong>primaria,</strong></span> <span class='ocrx_word' id='word_1_170' title='bbox 926 2459 961 2518; x_wconf 89' lang='lat' dir='ltr'><strong>ut</strong></span> <span class='ocrx_word' id='word_1_171' title='bbox 982 2453 1181 2535; x_wconf 84' lang='lat' dir='ltr'><strong>paenultima</strong></span> <span class='ocrx_word' id='word_1_172' title='bbox 1202 2473 1313 2520; x_wconf 88' lang='lat' dir='ltr'><strong>uersus</strong></span> <span class='ocrx_word' id='word_1_173' title='bbox 1335 2455 1402 2540; x_wconf 89' lang='lat' dir='ltr'><strong>syl-</strong></span> 
     </span>
     <span class='ocr_line' id='line_1_22' title="bbox 251 2553 1403 2639; baseline 0 -16"><span class='ocrx_word' id='word_1_174' title='bbox 251 2558 327 2623; x_wconf 88' lang='lat' dir='ltr'><strong>laba</strong></span> <span class='ocrx_word' id='word_1_175' title='bbox 348 2561 511 2624; x_wconf 85' lang='lat' dir='ltr'><strong>accentnm</strong></span> <span class='ocrx_word' id='word_1_176' title='bbox 534 2555 669 2638; x_wconf 89' lang='lat' dir='ltr'><strong>habeat,</strong></span> <span class='ocrx_word' id='word_1_177' title='bbox 700 2555 828 2622; x_wconf 88' lang='lat' dir='ltr'><strong>detecta</strong></span> <span class='ocrx_word' id='word_1_178' title='bbox 849 2560 914 2639; x_wconf 84' lang='lat' dir='ltr'><strong>est,</strong></span> <span class='ocrx_word' id='word_1_179' title='bbox 936 2574 1031 2623; x_wconf 89' lang='lat' dir='ltr'><strong>nemo</strong></span> <span class='ocrx_word' id='word_1_180' title='bbox 1052 2553 1118 2621; x_wconf 87' lang='lat' dir='ltr'><strong>iarn</strong></span> <span class='ocrx_word' id='word_1_181' title='bbox 1141 2555 1216 2636; x_wconf 90' lang='lat' dir='ltr'><strong>quin</strong></span> <span class='ocrx_word' id='word_1_182' title='bbox 1238 2576 1259 2620; x_wconf 91' lang='lat' dir='ltr'><strong>a</strong></span> <span class='ocrx_word' id='word_1_183' title='bbox 1281 2556 1403 2623; x_wconf 83' lang='lat' dir='ltr'><strong>Bebrio</strong></span> 
     </span>
     <span class='ocr_line' id='line_1_23' title="bbox 250 2656 1402 2744; baseline -0.002 -20"><span class='ocrx_word' id='word_1_184' title='bbox 250 2656 455 2724; x_wconf 90' lang='lat' dir='ltr'><strong>abiudicandi</strong></span> <span class='ocrx_word' id='word_1_185' title='bbox 470 2658 533 2724; x_wconf 90' lang='lat' dir='ltr'><strong>sint</strong></span> <span class='ocrx_word' id='word_1_186' title='bbox 548 2658 697 2724; x_wconf 85' lang='lat' dir='ltr'><strong>uersiculi</strong></span> <span class='ocrx_word' id='word_1_187' title='bbox 712 2658 761 2723; x_wconf 93' lang='lat' dir='ltr'><strong>illi</strong></span> <span class='ocrx_word' id='word_1_188' title='bbox 775 2659 913 2744; x_wconf 88' lang='lat' dir='ltr'><strong>amplius</strong></span> <span class='ocrx_word' id='word_1_189' title='bbox 928 2657 1054 2724; x_wconf 89' lang='lat' dir='ltr'><strong>dubitat</strong></span> <span class='ocrx_word' id='word_1_190' title='bbox 1070 2657 1211 2743; x_wconf 87' lang='lat' dir='ltr'><strong>(praeter</strong></span> <span class='ocrx_word' id='word_1_191' title='bbox 1225 2657 1402 2743; x_wconf 84' lang='lat' dir='ltr'><strong>Naberom,</strong></span> 
     </span>
     <span class='ocr_line' id='line_1_24' title="bbox 250 2756 1403 2845; baseline 0.001 -19"><span class='ocrx_word' id='word_1_192' title='bbox 250 2761 292 2826; x_wconf 91' lang='lat' dir='ltr'><strong>de</strong></span> <span class='ocrx_word' id='word_1_193' title='bbox 314 2781 376 2844; x_wconf 90' lang='lat' dir='ltr'><strong>quo</strong></span> <span class='ocrx_word' id='word_1_194' title='bbox 398 2756 543 2845; x_wconf 87' lang='lat' dir='ltr'><strong>postea),</strong></span> <span class='ocrx_word' id='word_1_195' title='bbox 574 2759 691 2845; x_wconf 87' lang='lat' dir='ltr'><strong>quippe</strong></span> <span class='ocrx_word' id='word_1_196' title='bbox 713 2760 745 2825; x_wconf 94' lang='lat' dir='ltr'><strong>in</strong></span> <span class='ocrx_word' id='word_1_197' title='bbox 769 2759 884 2841; x_wconf 90' lang='lat' dir='ltr'><strong>quibus</strong></span> <span class='ocrx_word' id='word_1_198' title='bbox 907 2760 978 2844; x_wconf 88' lang='lat' dir='ltr'><strong>ipsa</strong></span> <span class='ocrx_word' id='word_1_199' title='bbox 999 2761 1057 2827; x_wconf 89' lang='lat' dir='ltr'><strong>illa</strong></span> <span class='ocrx_word' id='word_1_200' title='bbox 1078 2761 1131 2828; x_wconf 88' lang='lat' dir='ltr'><strong>lex</strong></span> <span class='ocrx_word' id='word_1_201' title='bbox 1153 2779 1315 2842; x_wconf 90' lang='lat' dir='ltr'><strong>nunquam</strong></span> <span class='ocrx_word' id='word_1_202' title='bbox 1336 2782 1403 2828; x_wconf 92' lang='lat' dir='ltr'><strong>non</strong></span> 
     </span>
     <span class='ocr_line' id='line_1_25' title="bbox 250 2861 1402 2961; baseline 0 -32"><span class='ocrx_word' id='word_1_203' title='bbox 250 2861 386 2930; x_wconf 88' lang='lat' dir='ltr'><strong>uioletur</strong></span> <span class='ocrx_word' id='word_1_204' title='bbox 408 2865 459 2940; x_wconf 86' lang='lat' dir='ltr'><strong>(ci.</strong></span> <span class='ocrx_word' id='word_1_205' title='bbox 474 2862 591 2929; x_wconf 82' lang='lat' dir='ltr'><strong>Eberh.</strong></span> <span class='ocrx_word' id='word_1_206' title='bbox 613 2862 663 2928; x_wconf 92' lang='lat' dir='ltr'><strong>ed.</strong></span> <span class='ocrx_word' id='word_1_207' title='bbox 685 2884 716 2948; x_wconf 93' lang='lat' dir='ltr'><strong>p.</strong></span> <span class='ocrx_word' id='word_1_208' title='bbox 733 2865 773 2926; x_wconf 87' lang='grc'><strong>94</strong></span> <span class='ocrx_word' id='word_1_209' title='bbox 790 2862 898 2947; x_wconf 83' lang='lat' dir='ltr'><strong>extr.);</strong></span> <span class='ocrx_word' id='word_1_210' title='bbox 929 2885 992 2949; x_wconf 90' lang='lat' dir='ltr'><strong>quo</strong></span> <span class='ocrx_word' id='word_1_211' title='bbox 1018 2863 1177 2961; x_wconf 65' lang='lat' dir='ltr'><strong>accedunt</strong></span> <span class='ocrx_word' id='word_1_212' title='bbox 1198 2863 1282 2952; x_wconf 84' lang='lat' dir='ltr'><strong>duae</strong></span> <span class='ocrx_word' id='word_1_213' title='bbox 1305 2863 1402 2929; x_wconf 91' lang='lat' dir='ltr'><strong>trium</strong></span> 
     </span>
     <span class='ocr_line' id='line_1_26' title="bbox 251 2955 1401 3060; baseline 0 -27"><span class='ocrx_word' id='word_1_214' title='bbox 251 2984 399 3060; x_wconf 67' lang='lat' dir='ltr'><strong>uersuum</strong></span> <span class='ocrx_word' id='word_1_215' title='bbox 413 2965 546 3032; x_wconf 87' lang='lat' dir='ltr'><strong>ultimae</strong></span> <span class='ocrx_word' id='word_1_216' title='bbox 561 2965 686 3049; x_wconf 87' lang='lat' dir='ltr'><strong>breues,</strong></span> <span class='ocrx_word' id='word_1_217' title='bbox 698 2985 768 3032; x_wconf 90' lang='lat' dir='ltr'><strong>cum</strong></span> <span class='ocrx_word' id='word_1_218' title='bbox 784 2967 896 3032; x_wconf 88' lang='lat' dir='ltr'><strong>ultima</strong></span> <span class='ocrx_word' id='word_1_219' title='bbox 910 2961 1068 3051; x_wconf 78' lang='lat' dir='ltr'><strong>producta</strong></span> <span class='ocrx_word' id='word_1_220' title='bbox 1077 2965 1213 3032; x_wconf 90' lang='lat' dir='ltr'><strong>Babrius</strong></span> <span class='ocrx_word' id='word_1_221' title='bbox 1228 2955 1275 3031; x_wconf 84' lang='lat' dir='ltr'><strong>uti</strong></span> <span class='ocrx_word' id='word_1_222' title='bbox 1284 2965 1401 3033; x_wconf 77' lang='lat' dir='ltr'><strong>soleat.</strong></span> 
     </span>
     <span class='ocr_line' id='line_1_27' title="bbox 185 3061 1402 3153; baseline -0.002 -16"><span class='ocrx_word' id='word_1_223' title='bbox 185 3061 224 3079; x_wconf 77' lang='grc'><strong>“”</strong></span> <span class='ocrx_word' id='word_1_224' title='bbox 250 3073 363 3152; x_wconf 87' lang='lat' dir='ltr'><strong>Itaque</strong></span> <span class='ocrx_word' id='word_1_225' title='bbox 386 3089 456 3135; x_wconf 89' lang='lat' dir='ltr'><strong>cum</strong></span> <span class='ocrx_word' id='word_1_226' title='bbox 471 3067 636 3151; x_wconf 83' lang='lat' dir='ltr'><strong>Apollonii</strong></span> <span class='ocrx_word' id='word_1_227' title='bbox 650 3068 872 3136; x_wconf 72' lang='lat' dir='ltr'><strong>&#39;testimonium</strong></span> <span class='ocrx_word' id='word_1_228' title='bbox 895 3067 1074 3153; x_wconf 91' lang='lat' dir='ltr'><strong>pronihilo</strong></span> <span class='ocrx_word' id='word_1_229' title='bbox 1096 3067 1147 3151; x_wconf 89' lang='lat' dir='ltr'><strong>sit,</strong></span> <span class='ocrx_word' id='word_1_230' title='bbox 1170 3067 1251 3134; x_wconf 90' lang='lat' dir='ltr'><strong>haec</strong></span> <span class='ocrx_word' id='word_1_231' title='bbox 1269 3067 1402 3148; x_wconf 89' lang='lat' dir='ltr'><strong>quidem</strong></span> 
     </span>
     <span class='ocr_line' id='line_1_28' title="bbox 250 3168 1403 3239; baseline -0.003 -1"><span class='ocrx_word' id='word_1_232' title='bbox 250 3170 448 3238; x_wconf 87' lang='lat' dir='ltr'><strong>Lachmanni</strong></span> <span class='ocrx_word' id='word_1_233' title='bbox 469 3170 651 3238; x_wconf 87' lang='lat' dir='ltr'><strong>coniectura</strong></span> <span class='ocrx_word' id='word_1_234' title='bbox 672 3176 758 3238; x_wconf 89' lang='lat' dir='ltr'><strong>certo</strong></span> <span class='ocrx_word' id='word_1_235' title='bbox 780 3171 988 3239; x_wconf 88' lang='lat' dir='ltr'><strong>fundamento</strong></span> <span class='ocrx_word' id='word_1_236' title='bbox 1011 3178 1108 3238; x_wconf 89' lang='lat' dir='ltr'><strong>caret.</strong></span> <span class='ocrx_word' id='word_1_237' title='bbox 1146 3168 1212 3236; x_wconf 87' lang='lat' dir='ltr'><strong>Sed</strong></span> <span class='ocrx_word' id='word_1_238' title='bbox 1233 3176 1403 3236; x_wconf 87' lang='lat' dir='ltr'><strong>remanent</strong></span> 
     </span>
     <span class='ocr_line' id='line_1_29' title="bbox 251 3273 1401 3360; baseline -0.003 -19"><span class='ocrx_word' id='word_1_239' title='bbox 251 3295 307 3360; x_wconf 86' lang='lat' dir='ltr'><strong>ea,</strong></span> <span class='ocrx_word' id='word_1_240' title='bbox 336 3294 418 3358; x_wconf 90' lang='lat' dir='ltr'><strong>quae</strong></span> <span class='ocrx_word' id='word_1_241' title='bbox 448 3294 488 3341; x_wconf 89' lang='lat' dir='ltr'><strong>ex</strong></span> <span class='ocrx_word' id='word_1_242' title='bbox 512 3274 625 3340; x_wconf 88' lang='lat' dir='ltr'><strong>ceteris</strong></span> <span class='ocrx_word' id='word_1_243' title='bbox 648 3274 836 3340; x_wconf 89' lang='lat' dir='ltr'><strong>testimoniis</strong></span> <span class='ocrx_word' id='word_1_244' title='bbox 859 3273 1013 3341; x_wconf 83' lang='lat' dir='ltr'><strong>conclusit</strong></span> <span class='ocrx_word' id='word_1_245' title='bbox 1034 3294 1064 3358; x_wconf 90' lang='lat' dir='ltr'><strong>p.</strong></span> <span class='ocrx_word' id='word_1_246' title='bbox 1087 3273 1132 3338; x_wconf 87' lang='lat' dir='ltr'><strong>X:</strong></span> <span class='ocrx_word' id='word_1_247' title='bbox 1163 3290 1246 3356; x_wconf 88' lang='lat' dir='ltr'><strong>quae</strong></span> <span class='ocrx_word' id='word_1_248' title='bbox 1271 3274 1401 3357; x_wconf 83' lang='lat' dir='ltr'><strong>egregie</strong></span> 
     </span>
     <span class='ocr_line' id='line_1_30' title="bbox 251 3373 1467 3466; baseline -0.006 -21"><span class='ocrx_word' id='word_1_249' title='bbox 251 3399 288 3446; x_wconf 90' lang='lat' dir='ltr'><strong>eo</strong></span> <span class='ocrx_word' id='word_1_250' title='bbox 310 3375 483 3444; x_wconf 90' lang='lat' dir='ltr'><strong>illustrauit</strong></span> <span class='ocrx_word' id='word_1_251' title='bbox 503 3397 534 3461; x_wconf 93' lang='lat' dir='ltr'><strong>p.</strong></span> <span class='ocrx_word' id='word_1_252' title='bbox 550 3376 614 3440; x_wconf 90' lang='lat' dir='ltr'><strong>XII</strong></span> <span class='ocrx_word' id='word_1_253' title='bbox 629 3395 708 3458; x_wconf 68' lang='lat' dir='ltr'><strong>sqq„</strong></span> <span class='ocrx_word' id='word_1_254' title='bbox 733 3373 818 3457; x_wconf 90' lang='lat' dir='ltr'><strong>quod</strong></span> <span class='ocrx_word' id='word_1_255' title='bbox 840 3375 918 3440; x_wconf 87' lang='lat' dir='ltr'><strong>artis</strong></span> <span class='ocrx_word' id='word_1_256' title='bbox 940 3375 1119 3440; x_wconf 87' lang='lat' dir='ltr'><strong>Babrianae</strong></span> <span class='ocrx_word' id='word_1_257' title='bbox 1138 3374 1227 3456; x_wconf 90' lang='lat' dir='ltr'><strong>leges</strong></span> <span class='ocrx_word' id='word_1_258' title='bbox 1243 3373 1402 3456; x_wconf 88' lang='lat' dir='ltr'><strong>quasdam</strong></span> <span class='ocrx_word' id='word_1_259' title='bbox 1466 3459 1467 3466; x_wconf 6' lang='grc' dir='ltr'>ἵ</span> 
     </span>
     <span class='ocr_line' id='line_1_31' title="bbox 251 3474 1400 3564; baseline -0.004 -18"><span class='ocrx_word' id='word_1_260' title='bbox 251 3501 322 3546; x_wconf 89' lang='lat' dir='ltr'><strong>cum</strong></span> <span class='ocrx_word' id='word_1_261' title='bbox 344 3479 431 3545; x_wconf 91' lang='lat' dir='ltr'><strong>illius</strong></span> <span class='ocrx_word' id='word_1_262' title='bbox 453 3478 555 3564; x_wconf 89' lang='lat' dir='ltr'><strong>ipsius</strong></span> <span class='ocrx_word' id='word_1_263' title='bbox 576 3477 649 3544; x_wconf 88' lang='lat' dir='ltr'><strong>aeui</strong></span> <span class='ocrx_word' id='word_1_264' title='bbox 672 3477 860 3544; x_wconf 91' lang='lat' dir='ltr'><strong>choliambis</strong></span> <span class='ocrx_word' id='word_1_265' title='bbox 879 3477 998 3561; x_wconf 88' lang='lat' dir='ltr'><strong>optime</strong></span> <span class='ocrx_word' id='word_1_266' title='bbox 1014 3496 1187 3560; x_wconf 85' lang='lat' dir='ltr'><strong>congruere</strong></span> <span class='ocrx_word' id='word_1_267' title='bbox 1201 3474 1400 3543; x_wconf 88' lang='lat' dir='ltr'><strong>demonstra-</strong></span> 
     </span>
    </p>
   </div>
   <div class='ocr_carea' id='block_1_5' title="bbox 136 3579 935 3663">
    <p class='ocr_par' dir='ltr' id='par_1_6' title="bbox 136 3579 935 3663">
     <span class='ocr_line' id='line_1_32' title="bbox 136 3579 935 3663; baseline -0.001 -18"><span class='ocrx_word' id='word_1_268' title='bbox 136 3609 139 3618; x_wconf 89' lang='lat'><strong>·</strong></span> <span class='ocrx_word' id='word_1_269' title='bbox 195 3617 199 3625; x_wconf 85' lang='grc'><em>·</em></span> <span class='ocrx_word' id='word_1_270' title='bbox 222 3613 225 3621; x_wconf 90' lang='grc'><strong><em>·</em></strong></span> <span class='ocrx_word' id='word_1_271' title='bbox 249 3582 298 3649; x_wconf 91' lang='lat' dir='ltr'><strong>uit</strong></span> <span class='ocrx_word' id='word_1_272' title='bbox 320 3581 433 3649; x_wconf 90' lang='lat' dir='ltr'><strong>eadem</strong></span> <span class='ocrx_word' id='word_1_273' title='bbox 454 3581 521 3648; x_wconf 89' lang='lat' dir='ltr'><strong>fere</strong></span> <span class='ocrx_word' id='word_1_274' title='bbox 544 3599 608 3663; x_wconf 88' lang='lat' dir='ltr'><strong>qua</strong></span> <span class='ocrx_word' id='word_1_275' title='bbox 630 3580 782 3646; x_wconf 87' lang='lat' dir='ltr'><strong>Duebner</strong></span> <span class='ocrx_word' id='word_1_276' title='bbox 802 3579 935 3644; x_wconf 88' lang='lat' dir='ltr'><strong>ratione.</strong></span> 
     </span>
    </p>
   </div>
   <div class='ocr_carea' id='block_1_6' title="bbox 250 3679 1400 3872">
    <p class='ocr_par' dir='ltr' id='par_1_7' title="bbox 250 3679 1400 3872">
     <span class='ocr_line' id='line_1_33' title="bbox 344 3679 1399 3766; baseline 0.001 -18"><span class='ocrx_word' id='word_1_277' title='bbox 344 3682 410 3751; x_wconf 90' lang='lat' dir='ltr'><strong>Sed</strong></span> <span class='ocrx_word' id='word_1_278' title='bbox 436 3704 477 3750; x_wconf 83' lang='lat' dir='ltr'><strong>ne</strong></span> <span class='ocrx_word' id='word_1_279' title='bbox 511 3683 591 3750; x_wconf 87' lang='lat' dir='ltr'><strong>haec</strong></span> <span class='ocrx_word' id='word_1_280' title='bbox 622 3682 751 3765; x_wconf 89' lang='lat' dir='ltr'><strong>quidem</strong></span> <span class='ocrx_word' id='word_1_281' title='bbox 780 3681 1004 3747; x_wconf 89' lang='lat' dir='ltr'><strong>Lachmannus</strong></span> <span class='ocrx_word' id='word_1_282' title='bbox 1036 3680 1193 3766; x_wconf 89' lang='lat' dir='ltr'><strong>persuasit</strong></span> <span class='ocrx_word' id='word_1_283' title='bbox 1225 3679 1399 3749; x_wconf 79' lang='lat' dir='ltr'><strong>Guilielmo</strong></span> 
     </span>
     <span class='ocr_line' id='line_1_34' title="bbox 250 3780 1400 3872; baseline -0.002 -20"><span class='ocrx_word' id='word_1_284' title='bbox 250 3787 401 3854; x_wconf 86' lang='lat' dir='ltr'><strong>Hertzb</strong></span> <span class='ocrx_word' id='word_1_285' title='bbox 412 3787 522 3872; x_wconf 87' lang='lat' dir='ltr'><strong>ergio</strong></span> <span class='ocrx_word' id='word_1_286' title='bbox 545 3785 703 3870; x_wconf 73' lang='lat' dir='ltr'><strong>(Babrios²</strong></span> <span class='ocrx_word' id='word_1_287' title='bbox 719 3783 814 3849; x_wconf 88' lang='lat' dir='ltr'><strong>Halle</strong></span> <span class='ocrx_word' id='word_1_288' title='bbox 833 3786 924 3867; x_wconf 80' lang='grc'><strong>1846,</strong></span> <span class='ocrx_word' id='word_1_289' title='bbox 940 3804 969 3868; x_wconf 92' lang='lat' dir='ltr'><strong>p.</strong></span> <span class='ocrx_word' id='word_1_290' title='bbox 988 3784 1047 3849; x_wconf 85' lang='lat'><strong>180</strong></span> <span class='ocrx_word' id='word_1_291' title='bbox 1062 3780 1158 3866; x_wconf 88' lang='lat' dir='ltr'><strong>sqq.)‚</strong></span> <span class='ocrx_word' id='word_1_292' title='bbox 1182 3783 1236 3864; x_wconf 89' lang='lat' dir='ltr'><strong>qui</strong></span> <span class='ocrx_word' id='word_1_293' title='bbox 1251 3783 1400 3850; x_wconf 88' lang='lat' dir='ltr'><strong>metricas</strong></span> 
     </span>
    </p>
   </div>
   <div class='ocr_carea' id='block_1_7' title="bbox 250 3891 454 3904">
    <p class='ocr_par' dir='ltr' id='par_1_8' title="bbox 250 3891 454 3904">
     <span class='ocr_line' id='line_1_35' title="bbox 250 3891 454 3904; baseline 0 -6"><span class='ocrx_word' id='word_1_294' title='bbox 250 3891 454 3904; x_wconf 79' lang='grc'><strong>,.-.,-.</strong></span> 
     </span>
    </p>
   </div>
   <div class='ocr_carea' id='block_1_8' title="bbox 249 3907 1401 4177">
    <p class='ocr_par' dir='ltr' id='par_1_9' title="bbox 249 3907 1401 4177">
     <span class='ocr_line' id='line_1_36' title="bbox 339 3907 1401 4012; baseline -0.002 -21"><span class='ocrx_word' id='word_1_295' title='bbox 339 3940 362 4003; x_wconf 82' lang='lat' dir='ltr'><strong>l)</strong></span> <span class='ocrx_word' id='word_1_296' title='bbox 380 3937 570 3993; x_wconf 88' lang='lat' dir='ltr'><strong>Probauerunt</strong></span> <span class='ocrx_word' id='word_1_297' title='bbox 587 3936 657 3992; x_wconf 84' lang='lat' dir='ltr'><strong>hanc</strong></span> <span class='ocrx_word' id='word_1_298' title='bbox 675 3935 858 3990; x_wconf 86' lang='lat' dir='ltr'><strong>coniecturam</strong></span> <span class='ocrx_word' id='word_1_299' title='bbox 872 3949 969 3990; x_wconf 89' lang='lat' dir='ltr'><strong>censor</strong></span> <span class='ocrx_word' id='word_1_300' title='bbox 980 3933 1146 3989; x_wconf 82' lang='lat' dir='ltr'><strong>Lachmanni</strong></span> <span class='ocrx_word' id='word_1_301' title='bbox 1166 3933 1302 4000; x_wconf 88' lang='lat' dir='ltr'><strong>ceteroqui</strong></span> <span class='ocrx_word' id='word_1_302' title='bbox 1318 3907 1401 4012; x_wconf 86' lang='lat' dir='ltr'><strong>nimis</strong></span> 
     </span>
     <span class='ocr_line' id='line_1_37' title="bbox 250 4015 1399 4090; baseline -0.007 -10"><span class='ocrx_word' id='word_1_303' title='bbox 250 4039 360 4080; x_wconf 87' lang='lat' dir='ltr'><strong>seuerus</strong></span> <span class='ocrx_word' id='word_1_304' title='bbox 378 4024 434 4080; x_wconf 86' lang='lat' dir='ltr'><strong>Leo</strong></span> <span class='ocrx_word' id='word_1_305' title='bbox 453 4023 553 4078; x_wconf 84' lang='lat' dir='ltr'><strong>lieniar</strong></span> <span class='ocrx_word' id='word_1_306' title='bbox 569 4021 635 4078; x_wconf 86' lang='lat' dir='ltr'><strong>Rev.</strong></span> <span class='ocrx_word' id='word_1_307' title='bbox 654 4022 687 4077; x_wconf 90' lang='lat' dir='ltr'><strong>de</strong></span> <span class='ocrx_word' id='word_1_308' title='bbox 704 4021 772 4075; x_wconf 88' lang='lat' dir='ltr'><strong>Phil.</strong></span> <span class='ocrx_word' id='word_1_309' title='bbox 792 4021 805 4074; x_wconf 96' lang='lat' dir='ltr'>I</span> <span class='ocrx_word' id='word_1_310' title='bbox 822 4037 848 4090; x_wconf 92' lang='lat' dir='ltr'><strong>p.</strong></span> <span class='ocrx_word' id='word_1_311' title='bbox 863 4024 921 4087; x_wconf 81' lang='lat'><strong>359,</strong></span> <span class='ocrx_word' id='word_1_312' title='bbox 939 4018 1104 4090; x_wconf 85' lang='lat' dir='ltr'><strong>Hartungius</strong></span> <span class='ocrx_word' id='word_1_313' title='bbox 1123 4035 1150 4088; x_wconf 93' lang='lat' dir='ltr'><strong>p.</strong></span> <span class='ocrx_word' id='word_1_314' title='bbox 1169 4023 1208 4084; x_wconf 85' lang='lat'><strong>13,</strong></span> <span class='ocrx_word' id='word_1_315' title='bbox 1226 4015 1333 4072; x_wconf 87' lang='lat' dir='ltr'><strong>Nicolai</strong></span> <span class='ocrx_word' id='word_1_316' title='bbox 1352 4017 1399 4072; x_wconf 81' lang='lat' dir='ltr'><strong>Gr.</strong></span> 
     </span>
     <span class='ocr_line' id='line_1_38' title="bbox 249 4109 565 4177; baseline -0.006 -13"><span class='ocrx_word' id='word_1_317' title='bbox 249 4109 281 4165; x_wconf 74' lang='lat'><strong>1..</strong></span> <span class='ocrx_word' id='word_1_318' title='bbox 295 4109 328 4164; x_wconf 84' lang='lat' dir='ltr'><strong>G.</strong></span> <span class='ocrx_word' id='word_1_319' title='bbox 341 4109 382 4164; x_wconf 90' lang='lat' dir='ltr'><strong>ed.</strong></span> <span class='ocrx_word' id='word_1_320' title='bbox 396 4109 430 4175; x_wconf 92' lang='lat' dir='ltr'><strong>ll,</strong></span> <span class='ocrx_word' id='word_1_321' title='bbox 443 4109 456 4163; x_wconf 96' lang='lat' dir='ltr'>I</span> <span class='ocrx_word' id='word_1_322' title='bbox 468 4123 494 4177; x_wconf 91' lang='lat' dir='ltr'><strong>p.</strong></span> <span class='ocrx_word' id='word_1_323' title='bbox 508 4113 565 4163; x_wconf 82' lang='lat'><strong>104.</strong></span> 
     </span>
    </p>
   </div>
   <div class='ocr_carea' id='block_1_9' title="bbox 0 0 1474 4688">
    <p class='ocr_par' dir='ltr' id='par_1_10' title="bbox 0 0 1474 4688">
     <span class='ocr_line' id='line_1_39' title="bbox 0 0 1474 4688; baseline 0 2"><span class='ocrx_word' id='word_1_324' title='bbox 0 0 1474 4688; x_wconf 95' lang='lat' dir='ltr'><strong> </strong></span> 
     </span>
    </p>
   </div>
   <div class='ocr_carea' id='block_1_10' title="bbox 1466 2281 1471 3329">
    <p class='ocr_par' dir='ltr' id='par_1_11' title="bbox 1466 2281 1471 3329">
     <span class='ocr_line' id='line_1_40' title="bbox 1466 2281 1471 3329; baseline 0 0"><span class='ocrx_word' id='word_1_325' title='bbox 1466 2281 1471 3329; x_wconf 95' lang='lat' dir='ltr'><strong> </strong></span> 
     </span>
    </p>
   </div>
  </div>
 </body>
</html>
