2938 4688
543 308 576 363 de
593 305 688 364 Babrii
704 311 802 362 aetate.
1190 306 1251 368 159

98 505 157 571 pro
186 481 315 565 aequali
342 475 456 551 saltem
484 483 624 550 uirorum
652 481 781 548 illorum
809 479 922 550 haberi
951 484 1071 566 potest,
1099 486 1174 548 ante
1196 502 1252 550 eos

99 587 222 653 uixisse
251 584 389 651 dicatur!
434 583 552 652 Verum
580 603 643 677 non
675 581 855 686 monn
877 587 997 650 eertum
1020 586 1083 666 est,
1108 582 1252 652 fabulam

100 689 192 756 illam
223 709 240 755 e
261 686 423 755 Pausania
445 723 486 732 -
510 675 612 754 euius
627 691 767 753 aetatem
789 684 905 753 finibus
927 685 1006 752 satis
1028 686 1172 771 angustis
1194 687 1252 754 oir-

101 790 314 858 eumsoribere
336 789 405 875 ipse
428 789 537 858 Naber
559 789 651 874 proll.
663 789 756 857 Phot.
768 789 831 854 lex.
843 806 874 871 p.
887 789 928 852 39
940 807 1011 873 sqq.
1026 787 1144 854 frustra
1158 808 1250 856 oona

99 901 151 962 tur
176 891 392 970 -haustam
421 911 508 976 esse,
537 889 595 958 sed
622 911 663 958 ne
685 891 789 958 simile
812 888 940 972 quidem
962 889 1046 976 ταῖς
1075 889 1146 977 ipse
1169 891 1252 959 enim
1298 925 1307 945 r
1336 911 1342 916 ·

98 995 235 1064 Photius
257 995 298 1062 de
322 992 484 1061 Pausania
504 993 537 1060 in
556 985 757 1060 hibliotheea
774 992 852 1058 dioit
870 992 939 1058 cori.
958 996 1031 1058 153:
1055 984 1250 1082 ἀνεγνώσθη

100 1091 133 1164 ‹l'
161 1095 195 1164 ἐν
216 1099 265 1184 τῴ
288 1089 378 1182 αὐτῷ
400 1093 509 1177 τείχει
531 1094 608 1179 (quo
624 1095 773 1182 Dionysii
794 1093 935 1177 lexicon)
952 1099 1148 1162 Παυσανίου
1164 1094 1221 1174 λεξ
1235 1131 1251 1144 ·

98 1199 157 1268 κὸν
179 1196 263 1266 κατὰ
286 1211 459 1281 στοιχεῖον,
483 1189 577 1264 οὐδὲν
600 1195 737 1264 ἐ’ίαττον
758 1198 824 1262 τῶν
846 1201 1096 1284 προειρημένων
1122 1195 1253 1277 εἰςτὰς

106 1297 255 1379 'lustaus
278 1299 541 1386 συναναγνώσοις
560 1298 738 1387 χρήσιμον,
769 1295 799 1364 εἰ
820 1295 865 1387 μὴ
888 1301 942 1365 καὶ
965 1300 1108 1383 μᾶλλον·
1139 1298 1168 1365 εἰ
1189 1298 1253 1389 γὰρ

99 1408 156 1472 καὶ
179 1417 271 1481 ταῖς
292 1408 547 1491 μαρτυρίαις
570 1401 842 1489 ἐνδεέστερον
865 1399 947 1484 ’ἕχει
966 1394 1040 1468 ἀλλ’
1060 1387 1117 1468 οὗν
1133 1400 1167 1468 ἕν
1182 1425 1253 1470 τισι

98 1511 166 1573 τῶν
195 1511 367 1589 στοιχείων
395 1503 484 1571 πολὺ
512 1518 588 1583 ταῖς
614 1503 723 1582 λέξεσι
744 1502 920 1584 πλεονάζει
942 1505 1020 1571 atla
1049 1505 1253 1588 integram

100 1611 198 1698 igitur
212 1609 299 1676 lere
320 1607 371 1675 ad
393 1608 559 1676 uerbum
580 1607 761 1680 fabulam
780 1607 870 1674 illam
885 1627 957 1675 eum
973 1607 1252 1693 exscripsisse

101 1715 174 1797 quis
197 1708 360 1794 oredet?¹)
374 1745 417 1755 -
434 1709 527 1778 Oerte
542 1710 653 1778 Naber
667 1708 880 1777 oonieoturam
895 1709 985 1776 illam
999 1731 1063 1777 non
1077 1710 1205 1778 lecisset
1213 1710 1251 1795 ²),

99 1816 162 1884 nisi
184 1834 276 1882 suam
298 1811 338 1880 de
360 1811 472 1880 Babrli
493 1816 600 1879 aetate
621 1811 802 1898 opinionem
827 1811 1079 1896 praeindicatam
1102 1811 1259 1895 omnique

98 1918 164 1985 fide
187 1915 372 1984 destitutam
394 1914 504 1996 utique
519 1912 646 1981 firmare
661 1913 823 1981 uoluisset.
859 1913 934 1980 Mea
949 1913 1078 1997 quidem
1093 1912 1252 1981 sententia

99 2019 168 2087 ueri
190 2039 254 2087 non
276 2024 325 2085 est
347 2015 503 2084 dissimile
523 2016 740 2102 patriarcham
755 2014 973 2083 doctissimum
989 2015 1162 2083 uersiculos
1178 2015 1252 2083 illos

46 2107 49 2114 ’
98 2113 216 2209 poetae
238 2118 326 2205 apud
347 2118 541 2206 Byzantinos
564 2119 643 2186 satis
664 2119 782 2185 nobilis
804 2118 1002 2185 -fortasse
1028 2117 1132 2203 ipsum
1155 2116 1252 2185 etiam

99 2221 304 2310 prouerbium
321 2221 419 2288 —de
441 2241 499 2288 suo
521 2220 688 2306 adiecisse,
711 2226 746 2286 ut
767 2241 875 2288 saoras
896 2220 1021 2305 glossas
1044 2219 1163 2288 adiecit
1182 2223 1250 2307 plu-

191 2377 214 2440 l)
232 2373 324 2442 Ipsum
348 2372 429 2427 etiam
451 2373 626 2442 prouerbium
647 2371 714 2428 illud
737 2371 789 2440 τὴν
811 2375 887 2443 χεῖρα
905 2376 1096 2444 προσφέροντα
1114 2369 1164 2425 τὸν
1182 2371 1253 2427 θεὸν

101 2459 196 2513 καλεῖν
214 2458 283 2514 sitne
301 2458 367 2513 satis
385 2456 525 2527 antiquum
544 2457 663 2513 dubitari
679 2461 780 2528 potest,
801 2472 865 2512 nam
882 2472 969 2526 neque
986 2456 1015 2511 in
1032 2458 1123 2525 ampla
1140 2457 1253 2513 Zenobii

101 2545 134 2608 V,
154 2548 186 2599 93
204 2542 386 2613 disputatione
404 2543 553 2610 legitur-
570 2543 616 2609 qui
633 2541 685 2596 σὺν
700 2539 808 2609 Ἀθηνᾷ
825 2547 870 2594 καὶ
888 2546 964 2613 χεῖρα
981 2548 1051 2594 κίνει
1071 2539 1185 2598 formam
1203 2557 1251 2597 ue·

99 2629 242 2684 tustiorem
259 2628 382 2684 seruauit
401 2643 462 2684 oum
480 2626 646 2695 Diogeniano
666 2628 724 2693 (ubi
742 2627 840 2684 collato
852 2626 951 2681 Zenob.
965 2643 991 2696 p.
1005 2631 1060 2692 158,
1071 2631 1153 2697 tsqq.
1166 2628 1251 2682 mani-

100 2712 202 2769 festum
225 2717 347 2770 tenemus
365 2714 586 2784 interpolatorem
604 2711 772 2782 eundemque
791 2712 1013 2781 epitomatorem),
1030 2711 1167 2784 Hesychio
1185 2729 1206 2768 s.
1224 2731 1251 2768 u.

100 2798 158 2861 (ubi
172 2793 283 2865 Ἀθανᾷ
301 2803 328 2854 et
344 2803 409 2871 χέρα
427 2798 538 2865 dorice),
556 2797 612 2853 lab.
628 2796 728 2853 AesF
747 2801 796 2852 308
811 2823 846 2844 =
859 2797 886 2852 H
904 2802 967 2863 ³00,
992 2797 1077 2853 Suida
1094 2813 1115 2854 s.
1129 2816 1154 2853 u.
1172 2828 1206 2855 —.
1225 2807 1252 2854 et

99 2885 238 2954 exemplar
254 2890 333 2943 uetus
352 2884 388 2940 ad
405 2884 478 2956 quod
496 2883 590 2940 lictum
606 2884 643 2939 sit
660 2885 800 2940 seruatum
818 2887 860 2938 est
875 2898 894 2937 a
910 2882 1058 2939 Plutarcho
1070 2883 1137 2942 Inst.
1147 2883 1249 2939 Lacon.

98 2985 125 3038 p.
145 2972 194 3024 239
208 2970 234 3023 A
250 2996 285 3016 =
297 2970 393 3040 Aponi.
409 2969 469 3039 XV,
484 2974 515 3024 92
534 2967 587 3023 τάν
603 2973 678 3040 χεῖρα
696 2972 881 3040 ποτιφέροντα
901 2966 965 3020 τὰν
983 2963 1092 3034 τύχαν
1109 2967 1209 3022 νιαίιῖν.
1236 2965 1251 3022 ὁ
1277 2995 1280 3002 ’
1330 3023 1333 3028 ,

99 3055 166 3107 θεὸς
183 3054 328 3110 locutionis
347 3055 512 3111 substitutae
530 3055 653 3124 exempla
670 3053 876 3111 innumerabilia
894 3053 968 3124 apud
989 3053 1135 3122 scriptores
1153 3055 1250 3110 aetatis

99 3139 271 3196 Christianae
287 3141 461 3196 inueniuntur
479 3139 525 3207 (ol.
536 3155 558 3194 e.
567 3156 590 3209 g.
601 3138 691 3194 Rohd.
702 3138 779 3194 Rom.
789 3156 815 3209 p.
825 3143 874 3194 493
888 3138 960 3204 adm,
977 3138 1091 3193 Photius
1103 3139 1122 3192 l.
1132 3153 1155 3193 s.
1166 3154 1188 3193 s.
1200 3138 1251 3192 τὸν

99 3226 171 3280 θεὸν
186 3223 264 3292 εὔχου
279 3241 330 3296 pro
344 3225 438 3280 Babrii
452 3223 513 3278 rote
525 3223 607 3278 θεοὺς
621 3221 678 3289 αἱ),
691 3224 837 3293 prouerbia
850 3228 940 3279 autem
953 3223 1080 3279 trimetris
1097 3224 1252 3295 conscripta

98 3327 180 3380 quam
199 3325 280 3380 saepe
291 3310 399 3366 nouieia
411 3313 502 3366 essent
519 3315 546 3365 et
558 3309 708 3381 Byzantina
718 3309 777 3378 ipse
789 3307 882 3362 Nabar
894 3308 971 3363 Phot.
982 3309 1034 3364 lex.
1044 3309 1057 3362 Ι
1068 3325 1096 3378 p.
1107 3314 1139 3363 43
1151 3326 1189 3380 sq.
1204 3311 1250 3367 de·

98 3395 270 3450 monstrauit.
297 3395 437 3450 Sententia
455 3395 640 3452 uetustissima
658 3401 699 3450 est
711 3399 739 3450 et
749 3393 924 3459 nobilissima,
943 3393 977 3449 cf.
991 3411 1018 3449 u.
1029 3410 1052 3449 ο.
1062 3395 1162 3450 Aesoh.
1172 3395 1250 3452 Pers.

99 3485 149 3535 742
169 3475 238 3534 ὅταν
255 3477 360 3553 σπεύδῃ
377 3497 419 3534 τις
430 3478 518 3547 αὐτὸς,
535 3477 575 3548 χαί
590 3479 655 3535 orte
666 3478 842 3545 συνάπτεται,
859 3480 1000 3551 Euripfr.
1010 3485 1059 3535 435
1070 3479 1153 3536 Dind.
1172 3475 1252 3534 αὐτόν

97 3586 126 3619 τι
147 3557 199 3619 νῦν
217 3562 293 3637 δρῶν
310 3565 370 3620 εἶτα
387 3562 519 3636 δαίμονας
536 3565 623 3622 neilus·
638 3573 648 3637 ΙΙ
659 3567 700 3634 τῷ
718 3565 769 3639 γὰρ
782 3568 913 3620 πονοῦντι
925 3572 970 3619 καὶ
982 3565 1048 3620 θεὸν
1060 3563 1249 3634 συλλαμβάνοι,

96 3650 183 3721 Iphig.
195 3651 334 3705 Tauron
357 3645 391 3718 ἢν
408 3649 441 3704 δέ
457 3669 497 3706 τις
514 3650 657 3728 πρόθυμος
674 3673 699 3724 ῃ,
713 3653 722 3720 ΙΙ
734 3651 847 3704 σθένειν
860 3649 892 3704 τὸ
905 3651 994 3718 θεῖον,
1011 3651 1113 3706 Electr.
1126 3653 1158 3704 80
1171 3645 1250 3722 ἀργὸς

95 3735 149 3808 γὰρ
174 3732 261 3790 eihais
278 3734 361 3790 θεοὺς
377 3738 449 3803 ἔχων
467 3732 519 3790 ἀνὰ
537 3737 626 3806 στόμα
640 3739 648 3806 ΙΙ
659 3742 724 3805 βίον
741 3732 851 3790 δύναιτ’
867 3731 902 3790 ἂν
920 3733 1056 3807 ξυλλέγειν
1073 3731 1138 3786 ἄνευ
1156 3733 1249 3802 πίνου,

97 3821 187 3876 Plaut.
202 3820 266 3874 cist.
276 3820 297 3888 Ι,
311 3827 332 3889 1,
343 3826 374 3876 51
394 3824 452 3878 sine
470 3838 553 3893 opera
570 3826 619 3878 tua
636 3822 674 3876 nil
693 3821 720 3876 ni
736 3821 840 3890 horunp
857 3821 949 3876 lacere
966 3823 1089 3891 possunt.

132 3904 135 3909 ’
185 3910 211 3972 2)
229 3906 261 3960 ln
279 3905 365 3962 lexico
383 3907 642 3977 prompserunt
660 3924 744 3963 unum
762 3909 917 3978 suspicatus
935 3907 985 3971 est,
1003 3903 1166 3962 Pausaniam
1183 3921 1247 3976 pro·

97 3991 255 4046 uerbiorum
272 3991 362 4046 Photii
385 3992 541 4062 primarium
559 4008 618 4050 esse
635 3993 750 4064 fontem3
773 3994 806 4051 de
823 3994 875 4047 hoo
892 3992 952 4062 ipso
971 3990 1037 4045 nihil
1054 3991 1163 4060 statuit,
1186 4007 1250 4048 eum

95 4076 225 4132 statuerit
243 4075 276 4131 de
294 4077 355 4134 aliis
372 4095 400 4148 p.
411 4084 443 4134 43
454 4094 511 4160 sqq.

996 4177 1043 4236 ll*
