2934 4690
205 281 265 344 182
684 283 746 340 Otto
767 283 876 339 Orosius

204 455 288 539 quod
311 454 463 522 hocloco
486 451 597 520 πόθοι
619 475 659 521 11
688 462 762 522 1111
783 454 912 538 quidem
929 454 1003 524 dei?
1032 457 1156 526 Eodem
1178 457 1262 525 enim
1285 459 1355 528 iure

203 578 264 641 quo
291 560 368 641 139,
396 562 409 622 1
442 551 598 644 Ὑμηττία
631 557 774 639 μέλισσα
806 563 928 646 κηρίων
960 558 1067 647 μήτηρ
1096 560 1243 628 fanorum
1273 562 1356 647 apiS,

202 661 309 727 Venus
341 653 482 744 ipsorum
511 658 739 727 desideriorum
773 667 876 728 mater
910 663 1068 729 nominari
1101 668 1216 745 potest.
1262 662 1356 742 Quae

202 762 420 848 interpretatio
442 780 513 828 cum
536 761 703 829 uniuersae
728 763 792 829 looi
814 762 992 831 condicioni
1016 801 1056 810 -
1079 765 1184 848 agitur
1207 763 1247 830 de
1269 766 1356 852 γαλῇ

203 861 384 952 ἐρασθείσῃ
408 893 451 916 =
472 861 696 950 ποθούσῃ-
720 866 819 932 multo
842 866 957 932 melius
984 867 1167 951 conueniat,
1197 865 1356 935 1111116-

202 964 522 1033 311111111111111
545 965 682 1033 restituit
703 987 761 1052 pro
785 966 987 1035 Boissonadii
1009 967 1140 1035 liddon
1155 969 1188 1053 1).

288 1069 458 1150 Reliquum
480 1074 529 1135 est
551 1073 585 1133 ut
606 1066 811 1154 inquiramus,
834 1091 910 1138 num
932 1072 1062 1138 fabulae
1082 1072 1172 1158 ipsae
1190 1089 1305 1154 resque
1320 1073 1357 1138 in

203 1173 250 1241 eis
278 1176 545 1238 commemoratae
568 1171 730 1237 Romanae
760 1171 892 1257 originis
918 1173 1037 1241 indicia
1058 1172 1203 1259 produnt.
1246 1175 1357 1256 Atque

203 1296 243 1342 ex
271 1273 465 1359 argumentis
495 1271 623 1356 quidem
651 1273 786 1340 fructum
816 1274 888 1360 capi
918 1274 1004 1340 haud
1031 1295 1182 1358 magnum
1205 1276 1256 1342 uel
1280 1275 1355 1343 ideo

202 1383 451 1445 consentaneum
480 1379 542 1457 est,
556 1399 557 1404 ¹
573 1373 658 1456 quod
686 1375 815 1443 fabulae
844 1382 968 1444 ueteres
990 1378 1123 1446 Italicae
1144 1378 1257 1463 pulsae
1280 1384 1356 1446 sunt

203 1479 335 1548 Graecis
351 1485 382 1545 ct
397 1495 578 1562 oppressae,
601 1475 682 1543 sicut
698 1476 751 1544 dei
766 1478 931 1563 mythique
945 1479 1052 1546 Italici
1071 1479 1189 1566 mythis
1205 1479 1356 1546 Graecis:

202 1583 249 1648 ita
276 1589 311 1648 ut
340 1599 422 1662 quac
444 1578 559 1645 litteris
582 1579 734 1646 Romanis
758 1579 924 1648 traduntur
948 1582 1078 1650 fabulae
1100 1584 1153 1649 uel
1176 1583 1357 1650 uetustissi-

203 1703 275 1750 mae
302 1683 585 1764 nobilissimaeque
614 1678 657 1746 ad
679 1681 837 1749 Graecum
860 1684 1049 1769 plerumque
1072 1686 1239 1768 exemplar
1259 1683 1358 1752 fictae

203 1805 274 1853 esse
287 1783 464 1852 uideantur.
488 1785 571 1864 Quin
586 1784 682 1851 etiarn
698 1783 798 1869 ipsius
812 1786 942 1870 apologi
957 1806 1020 1868 quo
1032 1785 1196 1853 Menenius
1207 1785 1359 1872 Agrippa

202 1907 279 1954 usus
301 1906 372 1953 esse
394 1885 539 1972 diciturl)
560 1883 768 1973 πρωτότοπα
786 1893 914 1955 exstant
932 1888 1018 1972 apud
1032 1889 1195 1956 Halmium
1210 1888 1274 1955 iub.
1294 1891 1356 1952 197

201 1989 312 2055 κοιλία
333 1990 390 2055 καὶ
412 1986 515 2066 πόδες
538 1996 570 2055 et
593 1993 653 2054 344
678 1979 759 2071 οὐρὰ
781 1991 838 2056 καὶ
858 1991 961 2073 μέλεα
978 1984 1137 2078 ducaei),
1158 2007 1265 2074 neque
1279 1990 1359 2073 quin

289 2180 313 2240 1)
332 2175 494 2230 Coniectura
511 2173 585 2228 baud
602 2175 686 2229 multo
706 2174 819 2229 certiore
835 2177 864 2226 ἐν
881 2170 972 2242 δόμοις
985 2177 1057 2240 ἔχειν
1071 2176 1126 2229 lab.
1140 2180 1186 2230 143
1202 2175 1305 2230 referes
1321 2175 1359 2230 ad

201 2259 283 2317 ‘domi
298 2253 411 2314 habere'
432 2259 561 2313 Latinum
578 2288 611 2298 -
629 2259 662 2313 de
686 2275 739 2327 quo
758 2258 792 2312 cf.
811 2260 971 2328 interpretes
993 2261 1028 2314 ad
1046 2260 1143 2314 Catull.
1160 2263 1207 2327 36,
1225 2265 1311 2328 1311.
1330 2265 1359 2314 et

201 2346 275 2401 Brix.
293 2344 328 2399 ad
345 2343 434 2398 Plaut.
453 2343 507 2398 mil.
527 2344 594 2413 glor.
613 2347 660 2398 194
678 2374 720 2408 -,
739 2358 802 2414 nam
820 2343 913 2398 eudem
931 2345 988 2400 tere
1006 2345 1111 2399 ratione
1129 2350 1220 2414 potest
1237 2345 1360 2414 intellegi

202 2437 283 2501 atque
300 2430 366 2484 Eur.
377 2428 442 2483 Hec.
453 2433 493 2495 25,
511 2429 625 2495 111114,
643 2427 771 2484 Α111.1ι.
785 2433 840 2484 143.
875 2428 969 2498 Neque
986 2430 1049 2484 inde
1067 2428 1139 2498 quod
1156 2446 1277 2498 prooem.
1289 2430 1327 2498 II,
1342 2435 1358 2485 9

202 2517 296 2571 miram
313 2516 396 2570 babet
413 2514 613 2570 similitudinem
632 2530 693 2569 cum
710 2513 779 2567 Plin.
794 2530 821 2568 n.
838 2513 865 2569 h.
883 2513 994 2582 XXXV,
1011 2521 1041 2570 61
1062 2511 1106 2570 ‘ab
1124 2515 1177 2571 hoc
1195 2514 1262 2569 artis
1280 2514 1359 2571 fores

202 2605 311 2671 apertas
329 2599 427 2654 Zeuxis
446 2640 452 2654 .
468 2641 474 2654 .
491 2641 497 2654 .
513 2593 644 2665 intrauit‘,
663 2599 806 2668 quicquam
825 2600 1007 2668 consequitur,
1027 2614 1088 2654 cum
1106 2604 1186 2654 uetus
1205 2599 1241 2654 sit
1256 2600 1359 2668 imago,

203 2686 238 2740 cf.
249 2683 374 2754 Bacchyl.
391 2683 425 2738 fr.
443 2689 472 2738 11
486 2683 554 2752 ng.
573 2688 600 2738 et
617 2683 741 2739 Boisson.
761 2684 795 2738 ad
812 2684 910 2740 locum.
946 2685 1035 2752 Atque
1052 2700 1087 2739 ne
1104 2683 1228 2754 asyndeti
1246 2684 1360 2753 quidem

202 2786 269 2826 usus
282 2768 378 2834 (Hoch.
388 2785 414 2838 p.
427 2773 467 2835 31,
486 2770 599 2824 Zachar.
610 2787 635 2839 p.
646 2773 687 2835 19,
706 2769 808 2824 libert.
818 2768 854 2824 ad
863 2774 903 2834 83,
915 2774 949 2835 1),
965 2785 1042 2838 quem
1055 2768 1153 2824 iniuria
1164 2769 1193 2823 in
1207 2768 1359 2824 dubitatio·

201 2871 262 2910 nem
280 2853 392 2910 uocauit
403 2853 602 2921 Lachmannus,
621 2859 652 2908 ut
664 2871 681 2910 a
692 2855 876 2909 Romanorum
890 2854 1083 2910 consuetudine
1093 2885 1125 2894 —
1136 2853 1168 2908 dc
1180 2869 1234 2922 qua
1245 2859 1361 2924 praeter

201 2941 256 2995 alia
274 2939 307 2995 cf.
327 2940 430 3007 amplas
448 2938 573 2993 Lorcnzii
592 2939 685 3008 copias
703 2940 791 2995 Plaut.
805 2939 901 2994 Pseud.
919 2957 944 3009 p.
962 2944 994 2994 13
1013 2969 1045 2978 -
1064 2937 1226 2994 defendatur
1243 2954 1361 2996 necesse

202 3030 252 3090 est,
270 3041 332 3080 nam
351 3022 448 3078 similia
465 3023 546 3078 etiam
564 3023 610 3078 alii
628 3024 776 3093 scriptores
789 3023 887 3079 Graeci
905 3024 1072 3079 admiserunt
1086 3028 1231 3079 etueteres
1244 3025 1360 3092 (Aesch.

201 3111 276 3166 Pers.
293 3115 357 3177 416,
376 3108 459 3177 Sopb.
476 3107 546 3162 Phil.
564 3113 608 3175 11,
628 3108 725 3164 Trach.
743 3114 800 3174 181,
818 3108 913 3178 Eurip.
929 3108 1060 3164 Androm.
1078 3112 1157 3173 1153,
1181 3108 1274 3178 Suppl.
1295 3113 1360 3176 181)

201 3200 229 3250 et
246 3197 368 3248 recentes
387 3191 521 3262 (Xenoph.
531 3192 633 3262 Ephes.
644 3193 678 3260 II,
694 3199 701 3248 1
722 3193 831 3248 ἔκλαιον
850 3191 997 3263 ὠδύροντο,
1015 3197 1030 3248 8
1050 3194 1159 3246 ἔστενεν
1177 3192 1302 3254 ἔκλαιεν).

288 3282 312 3344 1)
331 3277 436 3345 Liuii,
447 3282 487 3332 32.
511 3277 623 3348 Dionys.
633 3279 678 3347 Vl,
690 3283 730 3334 86.
756 3279 867 3347 Quintil.
877 3278 943 3333 Inst.
954 3279 986 3343 V,
1005 3282 1099 3346 11,19.
1123 3278 1196 3332 Ρ111.
1214 3278 1312 3333 011111.
1331 3283 1359 3332 6.

201 3363 275 3418 Flor.
285 3362 307 3429 I,
317 3367 358 3428 13,
368 3367 393 3417 2.
419 3363 472 3418 Dio
491 3363 565 3419 Cass.
582 3364 718 3431 1111111.
745 3366 812 3418 Aur.
822 3363 892 3420 Vict.
907 3367 945 3417 18.
972 3363 1071 3418 Zonur.
1081 3363 1141 3429 VH,
1155 3367 1192 3416 11.
1229 3363 1360 3420 ceterum

201 3449 331 3514 Zonaras,
350 3447 395 3516 qui
412 3447 528 3503 Dionem
545 3449 580 3503 ad
594 3449 708 3504 uerbum
720 3448 872 3504 exscribere
884 3447 953 3504 solet
967 3447 1163 3517 exscnpsitque
1174 3448 1256 3503 huius
1268 3449 1358 3518 ipsius

201 3533 364 3589 narrationis
385 3531 478 3598 initio,
502 3533 618 3588 mediam
641 3541 668 3590 et
691 3535 812 3590 ultimam
833 3533 943 3588 fabulae
959 3535 1065 3602 partem
1082 3532 1170 3588 forma
1187 3533 1272 3588 multo
1290 3549 1359 3601 pro·

200 3619 297 3674 lixiore
320 3617 429 3672 exhibet
452 3633 537 3688 eaque
560 3636 615 3675 non
637 3619 756 3688 illepide:
784 3618 890 3687 singula
913 3618 984 3673 enim
1004 3618 1124 3673 membra
1141 3617 1296 3686 singillatim
1313 3618 1357 3672 lo-

202 3705 311 3774 quentia
328 3703 501 3758 inducuntur.
537 3704 611 3773 Quae
629 3704 746 3774 scriptor
763 3703 930 3773 Byzantinae
948 3703 1045 3758 aetatis
1063 3698 1303 3768 Αἰοωπιιοιτάτης
1321 3702 1358 3758 de

201 3806 251 3845 suo
269 3789 400 3844 adiecisse
418 3789 569 3845 censendus
588 3793 638 3846 est.

287 3875 355 3939 ald
379 3874 480 3930 Bubrio
504 3890 563 3930 cam
585 3873 709 3929 uersibus
731 3873 864 3928 inclusam
888 3887 975 3943 nuper
999 3871 1082 3928 edidit
1107 3871 1220 3937 Knoell,
1244 3871 1358 3928 Wiener

202 3960 385 4028 Sitzuugsber.
396 3964 460 4014 1818
473 3977 498 4030 p.
510 3965 558 4015 681
577 3963 602 4024 (1
621 3959 714 4014 codiee
732 3957 889 4024 Vaticanol:
910 3955 1083 4014 cl.Babrium
1099 3956 1254 4013 Eberhardi
1272 3973 1297 4026 p.
1311 3960 1355 4011 93.

202 4043 299 4098 Similis
318 4049 360 4100 est
377 4043 472 4098 Indica
490 4043 618 4098 Pantsch.
630 4044 662 4110 V,
681 4047 712 4098 14
731 4043 799 4107 (auis
817 4042 930 4113 biceps).
