2938 4688
527 355 561 412 de
578 354 672 412 Babrii
688 359 785 412 aetate.
1164 351 1222 412 155

77 551 188 600 ansam
218 530 249 597 ei
278 529 321 596 ad
343 526 524 614 opinionem
546 547 636 596 suam
658 525 847 596 firmandam
872 548 935 595 non
957 526 1113 613 praebuit.
1159 525 1225 592 Sed

77 635 250 701 Vaticanus
271 632 298 698 F
322 633 383 698 362
406 651 464 715 pro
486 649 580 698 uersu
602 635 621 696 4
644 629 725 698 haec
748 626 893 696 exbibet:

225 733 281 800 ἵνα
302 736 345 813 τί,
369 725 460 814 ἄναξ,
484 729 520 810 ἐξ
540 729 620 815 ἐμοῦ
641 733 739 797 τοῦτο
760 715 863 818 ἧραςς

225 837 300 912 πῶς
323 833 359 900 δὲ
383 826 420 899 οὗ
442 847 552 923 ιηρεῖς
574 831 651 912 τοὺς
672 829 821 917 θεσμοὺς
842 830 920 910 τοὺς
943 824 1100 919 ἄρχαίοις

225 939 285 1004 τοῦ
307 933 351 1024 μὴ
374 949 546 1024 τυραννεῖν
564 937 651 1023 χειρὶ
674 933 885 1022 ὄννατωτάιῃ

227 1033 311 1106 ἀλλὰ
327 1037 479 1106 ’πάντοτε
502 1037 639 1105 ἐκδικεῖν
660 1050 732 1115 τοῖς
755 1029 908 1125 ἀπόροις.

77 1145 167 1224 Quae
189 1137 465 1210 cum‘Graeculus
487 1141 543 1208 ille
564 1133 710 1210 insulsus'
737 1141 791 1224 qui
812 1140 957 1209 uersibus
979 1139 1116 1226 politicis
1134 1140 1223 1207 iabu-

75 1249 143 1313 lam
164 1245 326 1328 repetierit
348 1243 389 1311 de
411 1264 468 1311 suo
490 1243 620 1312 adicere
641 1265 703 1311 non
726 1243 872 1328 potuerit,
895 1244 1013 1310 Bebrio
1035 1241 1097 1327 ipsi
1119 1241 1223 1309 uindi-

77 1348 181 1416 canda
209 1365 280 1415 esse
307 1348 464 1434 opinatur.
515 1344 629 1413 Verbis
657 1345 753 1431 igitur
781 1346 855 1420 πῶς
885 1343 920 1410 δὲ
950 1338 988 1410 οὗ
1016 1356 1126 1432 τηρεῖς
1155 1345 1223 1412 κτλ.

75 1432 344 1537 poetam‘ragem
375 1448 533 1532 quendam
561 1446 717 1532 perfidum
747 1451 779 1513 et
801 1446 962 1514 crudelem
984 1446 1223 1531 significauisse,

75 1552 227 1636 antiquas
248 1552 337 1637 leges
358 1571 421 1618 non
443 1554 639 1617 seruantem:
669 1568 768 1632 quare
795 1548 854 1615 sub
876 1568 1013 1634 persona
1035 1550 1136 1618 leonis
1158 1550 1224 1634 peti

75 1655 220 1724 Arabum
243 1652 366 1736 ducem,
389 1653 444 1738 qui
458 1650 678 1719 Alexandrum
693 1651 807 1718 Balam
828 1651 1006 1737 supplicem
1022 1655 1055 1718 et
1073 1651 1224 1718 inermem

74 1755 279 1826 interfecerit.
324 1754 391 1822 Sed
418 1754 499 1821 haec
528 1753 666 1838 suspicio
689 1753 921 1836 qualiscunque
943 1758 992 1819 est
1017 1753 1224 1821 fundamento

74 1861 188 1928 nititur
215 1857 309 1924 nimis
339 1875 435 1938 quam
463 1855 595 1922 lubrica.
640 1857 723 1922 Nam
751 1862 786 1922 ut
815 1856 885 1941 ipse
911 1856 1108 1923 Maennelius
1138 1855 1223 1939 dicit,

74 1964 178 2032 uerba
191 1961 255 2027 ista
269 1958 388 2028 codicis
399 1957 546 2024 Vaticani
561 1963 616 2024 aut
631 1958 703 2023 inA
718 1963 791 2041 post
804 1977 833 2023 u.
846 1961 865 2021 4
879 1957 1121 2026 interciderunt:
1138 1956 1224 2039 quod

75 2083 272 2148 quamquam
293 2060 420 2146 saepius
442 2059 560 2126 factum
584 2065 640 2142 est,
665 2063 750 2126 certe
771 2079 834 2126 non
855 2057 974 2126 factum
997 2063 1046 2126 est
1068 2059 1224 2142 hocloco,

73 2188 152 2234 nam
173 2164 300 2233 insertis
321 2162 386 2230 illis
409 2158 563 2250 ἐδωρήθη
587 2183 618 2228 u.
637 2166 656 2228 6
677 2182 741 2228 non
763 2160 861 2228 habet
883 2180 946 2242 quo
972 2161 1140 2245 reseratum
1170 2166 1226 2227 aut

73 2305 119 2316 -
135 2267 169 2335 id
191 2264 277 2349 quod
299 2264 367 2332 ueri
389 2264 586 2332 simillimum
608 2265 639 2330 ei
652 2263 779 2331 uidetur
798 2300 837 2309 -
853 2262 990 2332 Babrius
1006 2268 1078 2350 post
1094 2265 1225 2331 breuem

71 2372 166 2438 illam
189 2387 285 2450 quam
307 2385 390 2432 nunc
412 2365 566 2434 habemus
587 2366 768 2433 uberiorem
784 2366 926 2436 eiusdem
941 2366 1120 2452 argumenti
1134 2365 1225 2432 fabu-

71 2475 143 2540 lam
165 2468 280 2537 edidit:
303 2471 337 2532 at
358 2467 538 2534 fabularum
560 2467 601 2532 ab
624 2468 693 2551 ipso
716 2467 834 2533 Bebrio
857 2467 1082 2555 rescripturum
1104 2474 1224 2534 certum

70 2571 247 2656 uestigium
269 2587 374 2650 neque
396 2567 594 2635 Maennelius
616 2567 771 2635 indicauit
796 2567 1006 2652 (quamquam
1025 2563 1225 2634 ‘affirmantis

71 2685 126 2744 est
141 2661 318 2760 probatio')
331 2688 435 2752 neque
451 2689 511 2753 ego
525 2666 695 2753 diligenter
709 2669 871 2751 inquirens
886 2672 1028 2757 reppe1i;
1052 2689 1126 2736 nam
1141 2689 1224 2752 quae

71 2801 95 2846 a
118 2775 197 2844 uiris
219 2772 321 2841 doctis
343 2774 469 2857 prolata
490 2771 562 2838 sunt
590 2772 738 2857 exempla
767 2792 806 2839 ea
827 2781 883 2840 aut
904 2774 1105 2841 librariorum
1128 2772 1225 2839 errori

71 2879 234 2948 debentur
262 2881 318 2943 aut
345 2872 556 2942 diasceuastis
584 2880 616 2942 et
640 2873 920 2960 interpolatoribus
934 2876 968 2960 ¹).
1013 2879 1184 2943 Praeterea
1206 2895 1225 2942 ε

71 2980 222 3050 uersibus
243 2977 309 3045 illis
329 2978 453 3045 nullum
474 2982 530 3044 aut
552 2975 645 3042 metri
667 2982 722 3044 aut
743 2978 898 3045 sermonis
917 2978 1069 3046 Babriani
1085 2978 1225 3063 pellucet

70 3080 263 3166 uestigium,
292 3099 351 3148 neo
381 3099 456 3147 uero
485 3079 518 3145 in
547 3078 706 3147 sententia
731 3079 901 3162 quicquam
924 3079 1007 3146 inest
1029 3099 1084 3146 cur
1104 3077 1224 3145 Bebrio

70 3185 248 3267 tribuatur,
275 3182 374 3249 immo
393 3173 489 3246 ’ἀλλὰ
518 3179 664 3246 πάντοτε
687 3177 825 3246 ἐκδικεῖν
846 3193 918 3259 τοῖς
942 3175 1085 3269 ἀπόροις
1106 3202 1127 3248 a
1148 3181 1224 3265 lupo

71 3287 133 3371 qui
160 3303 277 3369 agnum
304 3283 410 3370 rapuit
439 3290 504 3350 tum
533 3283 631 3350 stulte
659 3282 829 3369 inepteque
852 3283 982 3371 dicitur,
1013 3291 1048 3352 ut
1069 3283 1174 3351 Atlroo
1197 3282 1224 3350 si

70 3388 270 3473 traderetur,
298 3387 332 3454 in
362 3384 595 3453 diasceuastum
624 3385 847 3455 conferendum
876 3405 947 3453 esse
969 3406 1029 3473 ego
1051 3406 1223 3454 censerem.

70 3491 143 3558 Sed
164 3497 200 3558 ut
214 3489 377 3556 Babriana
399 3507 470 3556 esse
490 3488 672 3573 largiamur,
695 3508 771 3555 num
792 3489 899 3557 uerbis
920 3489 990 3558 istis
1005 3489 1118 3556 ducam
1132 3488 1223 3553 illum

165 3695 188 3756 1)
206 3689 447 3746 Prudentissimum
468 3689 521 3744 hoc
545 3694 587 3744 est
603 3675 771 3747 Lachmanni
791 3692 919 3748 iudicium
940 3692 980 3746 ed.
999 3707 1026 3760 p.
1045 3688 1111 3745 XVI
1128 3686 1223 3758 paucis

70 3776 168 3832 uerbis
185 3787 343 3844 expressum
360 3774 405 3839 (cf.
417 3772 517 3829 Eberh.
531 3774 589 3829 obs.
602 3791 628 3844 p.
642 3780 658 3830 4
670 3780 764 3842 extri:
783 3777 856 3847 quod
874 3793 934 3832 cum
951 3791 968 3830 a
985 3773 1121 3844 plerisque
1138 3771 1222 3828 homi-

70 3862 156 3916 nibus
179 3859 267 3915 doctis
289 3874 344 3914 non
367 3864 545 3926 agnoscatur,
568 3859 621 3916 alio
643 3859 760 3916 fortasse
782 3866 903 3930 tempore
920 3861 1055 3914 illustrare
1073 3864 1100 3912 et
1116 3857 1224 3912 firmare

70 3944 205 4002 conabor.
241 3942 436 3999 Grauissimum
454 3944 569 4013 duplicis
586 3945 750 4001 recensionis
771 3945 924 4016 exemplum
946 3948 992 4010 ιι,
1017 3948 1114 3998 11-15
1137 3942 1223 3998 uersi·
1308 3947 1309 3950 ’

67 4032 133 4170 bulp¹
149 4034 179 4084 ιι
197 4044 237 4098 sq.
257 4027 303 4097 qui
319 4030 402 4098 poeta
419 4028 527 4086 minime
548 4033 612 4086 sunt
628 4028 730 4100 indigni
747 4035 810 4101 post
831 4035 860 4084 18
880 4033 1032 4086 correctum
1048 4027 1223 4098 transpositis

66 4119 102 4172 to
125 4115 188 4171 tur.
