2938 4688
250 349 312 410 144
728 351 792 407 Otto
811 350 924 408 drusius

403 515 493 590 ὅσων
516 514 654 610 ἀρίστην
676 514 873 612 ὃροτρόφων
895 523 982 612 φυὴν
1004 523 1086 609 ἔγνω
1166 551 1169 558 ·

249 716 281 781 et
303 656 357 777 {9¹
404 627 692 714 φιλοφρονεῖσθαι
713 630 857 714 γνησίως
880 623 1048 714 ἐπειράθη
1074 626 1153 707 aab,

405 791 422 861 ὁ
447 796 531 860 λέων
553 794 589 859 δὲ
609 798 772 882 τερφθεὶς
795 791 841 874 ὡς
863 797 1004 863 λέωντι
1025 795 1187 886 μειδήσας
1209 795 1309 881 aris)

249 915 380 985 Summo
415 915 483 982 iure
518 915 642 983 somnia
668 916 733 982 ista
760 915 966 985 Eberhardus
995 918 1063 986 obs.
1093 938 1125 1002 p.
1158 921 1197 982 14
1226 915 1406 1001 damnauit,

249 1018 365 1100 quibus
385 1012 612 1104 ‘pulcherrima
639 1018 752 1086 fabula
776 1019 810 1086 in
832 1021 1020 1105 allegoriam
1042 1019 1215 1105 pessimam
1238 1024 1406 1086 conuerte-

248 1111 360 1186 retur'.
398 1120 469 1186 lieo
492 1120 621 1202 quidem
643 1120 762 1189 iudicio
785 1122 866 1189 haec
887 1142 953 1189 una
974 1127 1024 1188 est
1045 1141 1087 1188 ex
1108 1119 1311 1207 paucissimis
1331 1120 1407 1210 istis

249 1221 390 1305 Graecis,
415 1240 498 1303 quae
519 1220 562 1287 ad
583 1221 768 1308 primariam
789 1225 879 1292 illam
902 1214 1288 1309 quam‘Thiermbrchen'
1307 1241 1406 1292 uoca-

249 1343 320 1390 mus
345 1328 481 1391 formam
507 1343 602 1409 quam
627 1326 772 1410 proxime
799 1324 954 1394 accedant
964 1325 1001 1411 ²).
1048 1327 1148 1392 Recto
1173 1330 1281 1391 autem
1306 1344 1407 1392 sensu

249 1425 363 1492 ductus
384 1425 496 1493 Naber
516 1426 668 1494 Mnemos.
691 1429 736 1494 IV
757 1450 787 1515 p.
805 1433 865 1494 437
890 1426 969 1495 dicit
989 1427 1133 1494 fabulam
1159 1431 1217 1494 106
1242 1425 1406 1510 fragmen-

250 1534 318 1594 tum
340 1547 411 1595 esse
433 1534 466 1596 et
486 1530 745 1598 narratiunculae
759 1530 855 1597 finem
871 1527 1063 1598 desiderari:
1085 1529 1221 1597 fortasse
1237 1529 1314 1597 olim
1330 1551 1406 1597 cum

250 1630 317 1696 alia
339 1630 507 1697 coniuncta
529 1637 612 1715 erat,
643 1650 707 1714 qua
728 1633 841 1718 uolpes
863 1651 925 1715 quo
948 1631 1045 1699 modo
1068 1631 1195 1698 simium
1220 1632 1290 1700 ulta
1318 1638 1408 1699 esset

250 1731 499 1817 describebatur,
523 1732 563 1798 of.
579 1731 701 1800 Halmii
715 1735 736 1800 f.
753 1738 815 1799 255
825 1733 852 1819 3)
871 1740 903 1802 et
917 1739 958 1798 44
969 1734 1006 1819 ⁴).

249 1900 303 1954 liclr
321 1899 368 1954 der
385 1898 468 1972 Lupe
485 1903 555 1955 trotz
574 1901 662 1956 semes
679 1901 837 1970 Vorgebens
855 1917 908 1956 nur
926 1902 968 1956 ein
986 1901 1068 1957 wae
1085 1901 1126 1956 sei
1142 1901 1198 1956 und
1215 1901 1311 1967 hlaibe,
1331 1902 1356 1957 d.
1376 1903 1405 1956 h.

250 1985 309 2038 eine
325 1983 403 2039 wilde
419 1985 511 2040 Bestia
529 1982 589 2041 sei’.
625 1985 703 2042 Unde
726 1987 810 2042 habet
829 1988 876 2042 illa
893 1983 955 2042 ‘den
972 1987 1136 2042 Entschluss
1153 1983 1256 2041 fassen'
1277 1992 1304 2041 et
1322 1983 1406 2043 ‘nach

249 2071 301 2124 Art
318 2068 366 2124 der
383 2064 558 2126 Meuschen'?
588 2068 625 2126 Ἀ.
643 2077 670 2141 β.
683 2067 708 2126 ἄ.
721 2074 758 2137 ἐζ.
776 2071 934 2142 simpliciter
952 2077 992 2127 est
1005 2066 1154 2126 ‘hominum
1171 2073 1255 2126 uitam
1274 2071 1405 2142 optimam

249 2151 459 2210 aemulabatnr’.

338 2243 362 2306 1)
381 2239 454 2295 Audi
476 2240 555 2295 modo
573 2241 790 2311 Hertabcrgium:
809 2235 832 2296 ‘.
844 2282 850 2294 .
863 2281 869 2294 .
882 2240 925 2294 die
943 2239 1058 2295 beinalre
1075 2239 1240 2309 gefahrlielre
1258 2242 1406 2313 Wendung

250 2341 293 2381 am
311 2325 422 2381 Sahluss
433 2365 440 2380 .
451 2365 457 2379 .
469 2364 475 2379 .
487 2327 550 2381 dass
575 2326 622 2382 der
640 2326 721 2382 wae
744 2343 780 2381 au
801 2327 848 2380 der
865 2326 951 2394 Klage
969 2325 1016 2380 des
1035 2325 1158 2380 Fuchses
1177 2327 1241 2389 „wie
1258 2326 1303 2382 ein
1321 2328 1405 2384 dee

249 2411 398 2480 gelichelt“
417 2410 474 2464 und
497 2411 535 2466 sie
559 2411 727 2480 abgewiesen
751 2412 831 2466 habe.
865 2410 932 2464 Man
956 2409 1022 2465 wird
1043 2411 1140 2478 gewiss
1164 2411 1212 2466 das
1233 2411 1404 2479 bitterslisse,

250 2497 367 2566 plumpe,
385 2493 525 2550 hamisehe
541 2497 597 2551 und
614 2497 643 2552 in
661 2513 766 2552 summa
783 2496 958 2552 bestialischc
976 2495 1106 2562 Lachelm
1125 2495 1173 2551 das
1191 2495 1271 2552 dabci
1288 2498 1404 2556 heraus-

250 2581 367 2647 kommt‚
386 2580 462 2635 nicht
473 2581 535 2636 ..in
553 2581 596 2636 ein
617 2582 775 2652 ,900013οικ
796 2579 883 2646 diaeo
901 2581 970 2637 coni.
990 2581 1102 2651 Saupp.)
1119 2580 1272 2637 verflachen
1290 2581 1404 2639 wollen':

250 2680 320 2736 quae
333 2666 424 2720 omnia
436 2681 491 2722 nno
505 2667 636 2738 τερφθεὶς
648 2669 732 2723 uerbo
747 2665 916 2722 refelluntur.
942 2666 1043 2721 Verum
1057 2666 1126 2720 uidit
1141 2667 1243 2721 Eberh.
1253 2667 1311 2723 obs.
1324 2685 1350 2738 p.
1364 2673 1404 2724 13.

337 2755 363 2808 2)
380 2749 444 2804 Alia
461 2754 504 2806 est
515 2751 608 2807 Babrii
626 2756 667 2818 95,
684 2753 714 2806 in
731 2766 786 2820 qua
802 2751 844 2806 leo
863 2766 911 2806 rex
929 2756 956 2806 et
973 2750 1068 2822 uulpes
1081 2750 1222 2807 familiaris
1233 2753 1292 2807 eius
1305 2753 1405 2808 iterum

251 2841 316 2892 suut
333 2836 549 2905 protsgonistae:
573 2835 634 2906 ipsa
656 2837 727 2891 enim
751 2836 908 2891 narratione
926 2836 992 2891 satis
1009 2836 1090 2905 longa
1107 2839 1167 2903 (100
1185 2844 1323 2905 uersuum)
1342 2855 1405 2894 sen·

251 2922 337 2976 tentis
355 2918 431 2974 nulla
448 2919 608 2986 illustratur,
626 2920 740 2976 dicterio
758 2925 849 2976 autem
861 2921 1017 2978 ultimorum
1030 2935 1158 2976 uersuum
1171 2921 1306 2977 simillima
1317 2923 1405 2980 habes

251 3005 281 3060 in
297 3003 405 3059 fabellis
424 3002 619 3060 Germanorum
636 3005 814 3075 popularibus
833 3005 954 3060 GrImmii
972 3011 1004 3061 00
1020 3023 1047 3076 p.
1057 3009 1106 3061 243
1125 3010 1153 3060 ct
1171 3009 1202 3061 81
1219 3023 1247 3076 p.
1259 3011 1317 3062 314.

338 3092 365 3155 3)
382 3086 477 3157 Lupus
495 3089 604 3158 uolpem
622 3088 696 3159 apud
712 3090 817 3145 leonem
835 3093 1018 3160 aegrotantem
1037 3096 1156 3157 accusat,
1179 3091 1251 3160 quod
1267 3107 1330 3148 eum
1348 3112 1406 3150 non

251 3175 337 3242 uisat3
356 3174 461 3242 uolpes,
479 3174 526 3242 qui
542 3174 662 3230 medicus
680 3177 723 3231 ost
737 3175 815 3231 Rom.
828 3173 892 3245 app.
907 3181 948 3242 32,
967 3177 1160 3246 superueniens
1179 3176 1407 3235 medicamentum

251 3259 324 3315 leoni
339 3273 368 3313 se
385 3258 555 3328 quaesiuisse
568 3259 691 3328 simulat3
713 3260 785 3316 leoni
802 3260 936 3329 quodnam
954 3262 989 3316 sit
1005 3261 1184 3331 interroganti
1201 3263 1363 3331 respondet:
1384 3268 1407 3318 εἰ

252 3343 334 3398 λύκον
352 3345 446 3410 ζῶντα
462 3341 583 3417 ἐκδείρας
599 3343 651 3412 τὴν
668 3341 750 3398 αὐτοῦ
769 3341 853 3419 δορὰν
871 3344 981 3416 θερμὴν
998 3343 1130 3419 ἀμφιέση,
1147 3347 1177 3402 id
1195 3346 1266 3416 quod
1281 3346 1350 3403 facit
1360 3349 1406 3406 leo

252 3429 298 3496 (cl.
315 3428 372 3483 fab.
389 3427 512 3495 Rodii).
548 3430 640 3498 Ipsum
658 3430 765 3484 simium
781 3431 824 3486 leo
842 3428 899 3485 edit
916 3429 1030 3487 Phaedr.
1040 3431 1087 3499 IV,
1104 3435 1142 3498 13,
1155 3436 1188 3486 20
1202 3447 1260 3501 sqq.
1279 3433 1408 3490 Dressler

252 3541 286 3562 =
302 3513 381 3568 Rom.
396 3511 446 3578 111,
462 3517 509 3581 20,
532 3530 595 3569 oum
615 3514 712 3569 medici
734 3515 859 3570 morbum
879 3514 1017 3570 simulanti
1035 3514 1060 3570 ei
1078 3516 1240 3581 suasissent,
1264 3522 1296 3571 ut
1314 3519 1409 3576 cibum

254 3598 342 3654 leuem
361 3602 480 3652 sumeret
497 3598 543 3668 qui
551 3594 667 3654 ‘tolleret
683 3596 828 3654 fastidium’
840 3604 904 3670 (quo
917 3599 979 3654 dolo
991 3599 1072 3654 etiam
1084 3599 1181 3655 Lamia
1192 3600 1277 3656 utitur
1288 3603 1410 3662 fabellae

194 3686 198 3755 s
253 3681 394 3754 popularIs
412 3683 546 3750 Schmidt,
564 3698 604 3751 gr.
623 3683 754 3742 Mtreheu
771 3701 797 3754 p.
817 3687 868 3751 74).
898 3683 1021 3752 Quocum
1039 3683 1254 3753 coniungendam
1273 3691 1410 3758 estquod

140 3799 168 3845 s(
195 3761 196 3773 ¹
251 3768 364 3838 legimus
382 3767 442 3823 Ael.
459 3786 485 3824 u.
498 3767 556 3835 h.1‚
569 3771 599 3822 9:
618 3766 716 3822 λέοντα
734 3765 765 3821 di
781 3769 917 3822 νοσοῦντα
933 3768 994 3822 τῶν
1010 3771 1061 3836 μὲν
1078 3765 1170 3823 ἄλλων
1187 3767 1268 3824 οὐδὲν
1285 3766 1409 3840 ὀνίνησι·

12 3921 13 3924 ¹
149 3919 152 3926 Δ
199 3853 204 3896 ἰ
254 3850 399 3926 φάρμακον
417 3850 449 3906 δέ
463 3856 540 3905 ἐστιν
558 3846 632 3920 αὐτῷ
651 3851 774 3926 βρωθεὶο
791 3854 910 3919 πίθηκος
927 3857 954 3908 et
971 3859 1027 3907 nui.
1037 3869 1081 3908 an.
1094 3854 1127 3921 V,
1138 3859 1183 3910 39:
1202 3851 1271 3910 ὅταν
1283 3853 1314 3909 δὲ
1324 3853 1409 3931 ὑπερ·

12 3957 13 4028 η
208 3941 214 4028 ³3
255 3932 547 4010 πλησθῇ...πιθήκῳ
565 3941 720 4011 περιτυχὼν
737 3943 782 3991 καὶ
801 3938 898 3992 τούτου
910 3937 1017 4010 φαγών,
1035 3940 1181 4004 paveseam—
1195 3940 1230 3995 cf.
1241 3942 1409 4000 eiium'Plin.

12 4035 13 4116 η
254 4039 281 4078 ιι.
292 4022 318 4076 h.
329 4021 403 4087 VIII,
418 4027 456 4088 10,
473 4021 621 4092 Horapollo
631 4023 666 4092 11,
677 4029 709 4079 76
722 4041 749 4094 p.
759 4027 792 4078 92
808 4022 899 4078 Leem.
911 4027 972 4076 cum
986 4021 1047 4077 adn.
1058 4040 1084 4092 p.
1097 4027 1154 4078 304.

12 4133 13 4180 p
341 4110 367 4171 4)
385 4104 487 4178 Volpes
504 4107 610 4163 siminm
627 4109 656 4164 in
673 4108 797 4179 pedIcam
813 4108 899 4177 illicit,
918 4108 953 4164 cf.
964 4109 1066 4165 Archil.
1077 4109 1112 4163 fr.
1122 4113 1155 4164 00
1166 4123 1205 4178 sq.
1217 4110 1284 4179 ng.
